3000 4908
433 383 484 458 tu

261 575 336 632 pta,
354 574 386 632 ιι,
434 559 569 647 gyptum'
588 567 781 644 susceperat,
803 552 998 628 Alexandria
1017 550 1102 636 urhe,-
1127 577 1215 622 nova
1236 559 1327 642 regni
1351 582 1405 624 se·

436 671 509 752 des,
536 673 581 738 ita
609 682 700 735 aucta
729 679 778 735 est
805 679 837 733 et
860 667 1035 748 celebrata,
1051 679 1098 736 'ut
1118 671 1304 736 interiorum
1328 695 1405 757 par-

437 790 513 852 tium
534 781 628 848 fieret
654 778 739 867 apud
761 780 905 845 homines
927 778 1073 858 oblivior
1092 780 1179 848 unde
1201 782 1320 848 factum
1346 797 1397 862 est,
1493 803 1494 844 t

437 893 587 962 utnulla
614 891 692 958 fere·
713 914 819 958 earum
850 890 891 958 ad
917 913 978 957 nos
1007 897 1189 979 pervenerit
1215 897 1334 962 notitia
1351 895 1387 978 ἢ.

437 1010 489 1074 Eo
515 1007 643 1094 majoris
670 1007 822 1071 momenti
849 1009 923 1070 su'nt
950 1005 1140 1091 templorum
1167 1009 1398 1095 inscriptiones,

440 1113 572 1208 quarum
599 1140 730 1206 magnus
755 1139 904 1182 numerus
927 1139 987 1204 por
1007 1127 1106 1184 totam
1128 1119 1311 1208 Aegyptum
1336 1126 1402 1186 via

438 1245 543 1299 torum
571 1223 716 1298 sollertia
745 1229 880 1296 collatus
910 1234 1048 1296 omnium
1068 1231 1138 1298 fere
1160 1255 1268 1319 regum
1290 1235 1404 1300 Ptole-

438 1367 602 1412 maeorum
622 1356 699 1410 vota
721 1355 754 1409 et
775 1345 924 1431 pietatem
946 1353 1086 1408 testatur.
1133 1345 1335 1432 Quamquam
1359 1347 1403 1412 de

438 1457 556 1527 linibus
578 1459 668 1544 regni
687 1456 766 1522 nihil
788 1453 914 1535 docent,
937 1467 1041 1522 tamen
1062 1467 1188 1522 constat
1201 1459 1307 1524 Philas
1323 1460 1405 1526 Pto-

439 1571 633 1638 lemaeorum
655 1579 799 1656 tempore
822 1568 968 1634 Graecae
990 1567 1117 1634 ditionis
1144 1569 1249 1650 fuisse,
1272 1595 1344 1636 cum
1365 1575 1402 1637 in

438 1682 541 1748 insula
564 1685 632 1767 ipsa
655 1681 772 1748 multae
794 1683 1014 1768 inscriptiones
1036 1685 1243 1768 reperientem,
1266 1705 1403 1771 quarum
1493 1667 1494 1680 ¹

440 1797 684 1882 antiquissimam
707 1794 748 1860 ad
771 1816 872 1860 annos
895 1795 1083 1860 187-180
1106 1817 1133 1860 a.
1158 1796 1219 1863 Ch.
1241 1819 1280 1860 nr
1302 1819 1404 1883 supra

400 1935 402 1940 ·
440 1907 625 1974 rettulimus
663 1906 782 1984 Altera,
797 1915 949 1992 regnante
963 1906 1122 1993 Evergete
1137 1908 1176 1988 ll,
1199 1912 1282 1974 inter
1297 1932 1404 1977 annos

441 2019 627 2084 125-117
644 2042 672 2083 a.
685 2018 744 2085 Ch.
757 2039 788 2083 n.
802 2017 935 2084 obelisci
950 2017 1096 2106 plinthidi
1109 2023 1258 2108 inscripta
1274 2033 1322 2088 est
1333 2021 1404 2105 ss),
1493 2097 1494 2100 Ἴ

440 2135 538 2217 inque
572 2152 610 2196 ea
642 2129 826 2196 sacerdotes
860 2142 1145 2198 commemorantur
1175 2133 1280 2212 Isidis,
1315 2158 1405 2220 quae

317 2313 321 2322 ,
434 2241 548 2310 ¹Abato
573 2253 605 2308 et
620 2242 717 2308 Philis
741 2241 857 2310 colitur
878 2246 925 2325 (οἱ
948 2246 1044 2324 ἱερεῖς
1064 2243 1125 2324 τῆς
1147 2248 1182 2311 ἐν
1203 2247 1252 2329 τῷ
1263 2241 1407 2334 Ἀβοίτῳ

430 2356 499 2422 ’καὶ
525 2359 561 2420 ἐν
594 2355 715 2432 Φίλαις
736 2347 873 2434 Ἴσιδος,
905 2356 995 2434 θεᾶς
1021 2356 1191 2442 μεγίστης,
1222 2379 1250 2424 κ.
1278 2382 1307 2424 τ.
1336 2362 1406 2446 λ.).

261 2490 358 2544 Patrae
375 2501 402 2544 et
441 2470 519 2536 Duo
541 2471 635 2557 igitur
661 2471 876 2536 venerationis
903 2467 978 2534 loca
1006 2469 1222 2556 designantur,
1255 2472 1406 2562 paullum

274 2558 383 2614 Aeaeos.
441 2586 580 2649 interce
604 2580 765 2661 distantia,
786 2579 924 2646 Philae
949 2593 980 2647 et
1001 2580 1240 2662 Abaton,-‹le
1263 2607 1405 2672 quorum

442 2698 504 2760 situ
531 2697 564 2759 in
594 2692 740 2759 confiniis
768 2693 908 2780 Aegypti
936 2704 969 2758 et
993 2694 1183 2780 Aethiopiae
1211 2698 1271 2761 hic
1289 2703 1405 2784 paucis

443 2827 585 2894 agamus,
614 2806 656 2871 ad
684 2804 884 2872 concilianda
909 2807 993 2871 inter
1020 2829 1055 2871 se
1078 2811 1266 2895 scriptorum
1288 2810 1329 2876 de
1351 2811 1404 2878 his

442 2917 523 2984 locis
552 2922 737 2984 testimonia.
790 2919 900 2984 Altero
922 2918 1038 2998 insula,
1068 2923 1221 2988 orientem
1244 2934 1405 3010 spectans,

443 3030 582 3097 Philae
618 3033 808 3126 (Nordenio
840 3032 1141 3112 Gezi1·et·el-Heif‚
1176 3033 1404 3104 Burckhardto
1493 3085 1494 3088 κ

442 3143 797 3232 Anas-el-Wodjtmd,
819 3144 1170 3230 Geziret-el-Birbeh)
1191 3125 1405 3237 nrmcupatur,

479 3426 510 3498 *)
528 3425 743 3504 Agatharchides,
761 3429 806 3504 qui
818 3428 934 3485 secundo
948 3431 969 3483 a‘.
983 3419 1034 3484 Ch.
1046 3447 1072 3483 n.
1085 3425 1184 3494 secolo,
1201 3437 1325 3502 regnante
1337 3426 1405 3484 Pto-

475 3570 477 3576 ,
514 3514 616 3572 lemaeo
628 3513 787 3581 Alexandro,
805 3513 839 3595 tle
856 3515 1019 3596 moriruhro
1036 3515 1151 3590 scripsit,
1169 3511 1214 3568 ubi
1232 3513 1265 3567 de
1282 3511 1403 3584 Aegypti

514 3603 671 3678 regionibus⁴
681 3599 801 3669 luserit,
822 3601 890 3676 fiaes
907 3598 1037 3678 australes
1051 3601 1088 3654 ita
1105 3596 1261 3671 designarit:
1283 3596 1352 3668 μετὰ
1370 3599 1401 3653 oe

513 3693 560 3744 cho
573 3684 810 3764 πρὸςηγορευμένρν
824 3693 979 3760 Τεντυρίτην
990 3687 1079 3759 νομὸν,
1094 3683 1259 3746 Ἀπόλλωνος
1271 3679 1402 3754 ὀνομάζε-

514 3799 560 3830 ται
577 3773 662 3839 πόλις,
685 3770 715 3842 ἦς
733 3772 817 3828 ἐπάνω
834 3780 882 3845 μὲν
900 3769 1022 3835 Komaia,
1040 3778 1130 3826 lustau
1146 3767 1321 3844 Ἐλεφαντίνῃ,
1341 3775 1400 3826 εἶτα

514 3859 659 3917 Αἰθιόπων
674 3857 757 3930 χώρα,
774 3861 882 3931 Kapria
899 3856 990 3930 πρώτη
1010 3855 1067 3922 (etl.
1085 3855 1197 3914 Hudson
1214 3855 1235 3925 l,
1252 3877 1279 3934 p.
1298 3854 1362 3928 Ὦ).

478 3945 512 4016 ”)
530 3943 666 4002 Letreune
682 3941 838 4000 recherches
854 3963 902 4002 sur
916 3943 1039 4022 l'llgypte
1055 3963 1084 4024 p.
1099 3943 1153 4002 297
1170 3942 1215 4002 lin.
1231 3947 1251 4002 3
1268 3952 1297 4002 et
1313 3943 1339 4001 A
