3000 4908
279 585 354 644 Pras
372 579 402 640 ll.

450 393 500 468 Μ

520 571 557 639 10
579 570 749 636 norisshna
772 567 878 654 operia
895 564 1012 630 Gallici
1029 563 1168 630 editione
1184 565 1286 630 mirati
1301 587 1422 647 sumus,

373 723 374 728 κ
453 682 648 763 Jomardum,
670 701 885 744 mensurarum
908 681 1137 764 peritissimum,
1160 699 1227 742 non
1242 677 1420 746 ostendisse

165 1311 170 1318 .
286 1265 411 1322 naono

278 1336 413 1406 expeditio

262 1407 431 1476 Aethiopica.

454 800 486 861 in
509 798 572 859 hoc
594 791 761 857 Strabonis
787 790 877 857 loeo:
923 792 1000 870 „Du
1022 790 1130 866 milieu
1153 790 1195 854 de
1217 791 1341 876 Syene,
1368 797 1416 856 in-

456 913 523 995 quit
551 930 580 991 p.
610 906 669 983 30,
703 911 721 968 a
752 903 834 968 celui
851 895 854 900 ¹
871 903 912 968 de
941 903 1051 968 Philae
1080 901 1268 968 l'intervalle
1300 915 1346 970 est
1370 903 1408 968 de

457 1021 569 1088 10000
591 1019 717 1095 metros,
740 1039 784 1082 ce
808 1018 878 1102 qui
902 1026 961 1080 est
985 1015 1174 1080 d’aecord
1198 1037 1294 1108 apoc
1318 1015 1412 1080 Stra-

456 1134 562 1199 bon.“
584 1164 629 1180 -·

522 1247 597 1330 Ipso
627 1239 793 1308 Strabonis
829 1252 972 1326 tempore
1009 1243 1143 1327 primum
1172 1241 1310 1306 Romani
1338 1239 1418 1308 lines

455 1359 594 1444 Aegypti
616 1354 809 1420 meridianos
832 1356 1017 1438 transgressi
1039 1366 1125 1433 sunt,
1153 1355 1420 1439 Aethiopiamque

460 1479 658 1555 occuparunt
679 1465 851 1543 borealem,
875 1487 938 1551 qua
962 1465 1002 1530 de
1026 1467 1228 1555 expeditione
1250 1488 1355 1553 pauca
1380 1467 1422 1530 af-

457 1583 541 1649 ferre
570 1597 638 1647 non
668 1579 805 1646 alienum
834 1588 890 1642 est.
950 1579 1030 1642 Tres
1061 1581 1210 1645 cohortes
1238 1581 1421 1658 Romanae,

458 1717 540 1784 quae
563 1696 626 1781 jam
647 1690 689 1758 ab
711 1691 769 1758 illo
793 1702 953 1776 tempore,
977 1713 1042 1777 quo
1066 1693 1231 1778 Aegyptus
1253 1694 1421 1778 provincia

457 1811 603 1876 Romana
617 1816 665 1872 est
674 1805 764 1882 lacta,
777 1802 914 1888 Syenae,
926 1801 1158 1890 Elephantinae
1172 1815 1203 1869 et
1211 1804 1309 1869 Philis
1323 1816 1424 1881 erant,

459 1921 499 1988 ab
528 1917 740 2005 Aethiopibus
769 1913 828 1982 sub
856 1918 964 2002 regina
998 1915 1150 1982 Candace
1181 1938 1218 1980 ex
1246 1919 1423 2001 improviso

458 2052 631 2120 oppressae
656 2039 689 2094 et
711 2038 822 2115 captae
844 2028 983 2109 fuerant,
1007 2032 1115 2115 paucis
1139 2031 1227 2094 annis
1251 2040 1424 2115 antequam

343 2158 346 2162 ’
458 2142 574 2212 Strabo
601 2143 784 2228 Aegyptum
812 2143 961 2206 visitaret.
1013 2141 1124 2206 Aelius
1155 2138 1284 2218 Gallus,
1313 2141 1426 2227 Aegy·
1495 2145 1496 2222 j

457 2261 504 2347 pti
533 2253 728 2344 praelectus,
760 2253 793 2318 id
822 2255 974 2339 temporis
1002 2255 1035 2317 in
1057 2251 1175 2319 Arabia
1203 2251 1324 2316 bellum
1353 2275 1427 2340 ges·
1495 2281 1496 2288 ¹

458 2374 514 2447 sit3
544 2367 609 2456 qdo
636 2367 754 2432 factum
784 2377 846 2444 est,
875 2375 909 2429 ut
939 2365 978 2431 G.
1010 2366 1192 2443 Petronius,
1223 2369 1273 2429 cui
1301 2387 1428 2430 summa

458 2504 563 2550 rerum
596 2480 706 2571 rfliicta
733 2481 850 2558 fuerat,
884 2498 951 2544 non
982 2477 1113 2565 amplius
1143 2477 1253 2544 decem
1280 2475 1426 2542 millibus

459 2595 602 2684 peditum
632 2595 828 2670 convocatis,
856 2613 1060 2674 numerosum
1082 2591 1275 2678 Aethiopum
1303 2594 1426 2655 exerei-

458 2719 524 2774 tum
547 2727 719 2794 aggressus,
740 2704 849 2769 hostes
873 2703 1003 2789 fugaret,
1025 2705 1190 2770 Romanos
1213 2705 1355 2789 captivos
1371 2727 1425 2768 re-

460 2828 627 2905 cuperaret
658 2827 690 2882 et
714 2840 751 2881 ex
773 2816 984 2906 Aethiopibus
1008 2819 1106 2902 captis
1128 2816 1214 2881 mille
1238 2815 1278 2882 ad
1302 2814 1425 2882 Caesa·
1494 2853 1495 2862 κ

458 2953 525 2997 rem
546 2932 684 2996 mitteret
709 2951 813 3015 nuper
836 2952 874 2996 ex
897 2927 1067 2996 Cantabris
1089 2951 1251 2994 reversum
1280 2929 1365 3010 (731
1394 2953 1422 2992 a.

458 3067 490 3110 u.
515 3065 540 3106 e.
576 3042 620 3106 23
644 3066 671 3108 a.
696 3040 756 3108 Ch
779 3043 841 3122 0.).
888 3041 1087 3127 Quamquam
1110 3042 1278 3107 Petronius
1301 3041 1424 3106 Primin

459 3153 622 3222 castellum
658 3152 775 3236 (hodie
803 3152 920 3234 Ibrim)
958 3152 1117 3240 praesidio
1147 3157 1315 3232 munierat,
1350 3176 1422 3218 non

458 3279 563 3334 tamen
599 3269 699 3331 omnis
736 3265 791 3346 illa
819 3267 1008 3353 Aethiopiae
1038 3289 1111 3353 pars
1140 3269 1173 3331 in
1202 3268 1418 3332 Romanorum

459 3380 579 3446 ditione
601 3380 756 3455 remansit,
780 3388 860 3442 teste
881 3380 1040 3443 itinerario
1060 3379 1214 3443 Antonini
1236 3377 1300 3459 (ed.
1317 3379 1409 3442 Wes-

458 3491 566 3578 seling.
591 3513 622 3579 p.
648 3493 742 3573 104),
769 3493 802 3554 in
832 3513 896 3577 quo
926 3489 1007 3555 lines
1030 3493 1125 3576 positi
1148 3501 1220 3554 sunt
1243 3489 1283 3554 ad
1305 3491 1422 3554 Hiero-

459 3606 645 3691 sycaminon
678 3601 795 3686 (hodie
826 3591 1176 3678 Wadi-Maharraka).
1235 3581 1346 3680 Usqie
1381 3599 1427 3666 ad

458 3718 543 3782 huno
569 3716 675 3782 locum
703 3737 771 3796 pon
788 3692 903 3778 ⁸solum
934 3723 1107 3775 castrorum
1135 3707 1251 3771 rudera
1277 3708 1309 3768 in
1333 3718 1425 3776 utra-

460 3851 523 3916 que
544 3829 612 3896 Nili
634 3831 703 3915 ripa
724 3824 821 3889 multa
844 3832 1021 3898 occurrunt,
1044 3819 1102 3884 sed
1125 3822 1218 3883 etiam
1239 3821 1423 3906 inscriptio-

450 3961 518 4007 ·ues·
544 3925 734 4028 templonmr
762 3933 952 4011 invenimus,
983 3954 1114 4020 quarum
1144 3931 1331 4010 nonnullas,
1362 3933 1420 3998 ubi
