3026 4920
476 451 526 526 te

309 644 385 704 Pras
402 643 422 702 1.
478 627 650 694 tectonicas
678 641 794 709 genere
822 616 1004 707 magrrificus
1030 618 1138 706 templi
1161 623 1307 689 introitus
1328 627 1443 709 parari

476 742 593 829 potuit,
622 737 677 822 qui
702 737 803 820 primo
827 743 1000 819 conspectu
1029 735 1345 820 appropinquantium
1369 740 1442 800 ani-

477 873 545 918 mos
568 847 771 916 admiratione
794 856 827 910 et
847 847 1025 910 reverentia
1047 844 1201 931 impleret

274 992 389 1052 pm,
405 989 460 1044 pp.
543 963 679 1026 Formae
712 957 969 1046 hieroglypbieae
1002 955 1158 1042 pylonum
1187 955 1359 1043 par'ptibus
1386 961 1452 1024 in-·

277 1061 458 1134 rogtypttece.
478 1073 620 1160 sculptae
642 1069 752 1158 paullo
776 1069 927 1134 diiienmt
948 1066 989 1134 ab
1010 1071 1057 1147 its,
1079 1091 1160 1154 quae
1178 1070 1350 1156 intemplo
1372 1071 1438 1136 La-

479 1185 598 1274 topolis
620 1204 750 1269 magrme
774 1191 953 1246 cernantur.
997 1180 1035 1244 ln
1055 1191 1146 1267 parte
1168 1184 1332 1267 superiore
1353 1180 1437 1269 ligu-

467 1320 533 1364 ·rae
547 1297 691 1364 Deorum
714 1303 843 1373 exstant,
864 1295 898 1358 in
920 1289 1006 1356 sellis
1029 1291 1185 1371 sedentes,
1209 1292 1322 1380 quibus
1345 1315 1363 1358 a
1383 1317 1437 1360 sa-

479 1407 661 1476 cerdotibus
694 1404 846 1472 sacrificia
880 1403 1072 1492 oilenmtur,
1104 1406 1137 1469 in
1164 1416 1254 1491 parte
1280 1405 1436 1474 inferiore
1496 1427 1498 1470 ι

479 1523 609 1586 maxime
632 1522 747 1584 eminet
768 1519 863 1582 beros
887 1515 998 1602 aliquis
1021 1514 1074 1580 vel
1095 1538 1164 1595 rex,
1194 1516 1302 1582 dextra
1325 1541 1434 1583 ensem

478 1645 605 1711 tenens,
634 1635 757 1696 sinistra
777 1631 913 1696 bostium
936 1637 1104 1705 catervam,
1134 1628 1269 1692 crinibus
1298 1631 1434 1716 preben-
1496 1571 1499 1656 l

480 1767 560 1824 sam,
582 1743 749 1829 abripiens.
795 1740 914 1808 Eadem
937 1738 1106 1825 figmamm
1127 1743 1223 1819 ratio,
1246 1761 1308 1827 qua
1330 1744 1433 1808 victor

480 1858 600 1924 formae
614 1856 741 1941 majoris
765 1863 820 1931 cst,
841 1855 916 1918 victi
937 1851 1033 1938 longe
1055 1853 1192 1928 minucie,
1214 1854 1247 1916 in
1270 1851 1336 1917 aliis
1351 1875 1430 1940 que

481 1991 544 2057 que
576 1969 784 2035 monumentis
817 1967 998 2050 saepissime
1031 1961 1285 2050 deprehenditur.
1339 1965 1426 2030 Isidis

480 2079 589 2167 figura,
610 2073 753 2143 manibus
776 2075 816 2140 ad
836 2075 1089 2142 benedicendum
1113 2083 1144 2140 et
1165 2075 1315 2140 tuendum
1332 2076 1428 2156 elatis,

480 2203 554 2278 post
585 2194 736 2259 victorem
772 2188 944 2267 collocata,
977 2187 1152 2274 significare
1185 2187 1324 2268 videtur,
1358 2211 1429 2254 etms

290 2323 393 2378 vacam
410 2324 448 2378 aa
479 2302 643 2397 mortalem
678 2325 761 2382 esse,
793 2302 959 2388 Deamqne
987 2299 1101 2364 auxilio
1130 2312 1335 2387 praesentem.
1391 2302 1429 2366 ln

298 2395 438 2536 mmm
480 2427 617 2502 utroque
637 2425 750 2501 portae
772 2413 871 2480 latere
895 2435 1003 2478 cavum
1026 2410 1066 2476 ad
1088 2415 1230 2477 amussim
1244 2413 1357 2478 factum
1373 2423 1429 2493 cst,

439 2503 446 2518 ⁵
482 2525 522 2592 ab
544 2528 607 2591 im0
631 2529 722 2592 unius
744 2527 834 2613 pedis
857 2523 1029 2602 latitudine,
1053 2531 1117 2588 tum
1139 2527 1253 2590 sensim
1268 2524 1430 2612 paulatim-

443 2684 452 2718 ,
481 2660 544 2725 que
573 2635 738 2716 decrescit,
765 2641 808 2703 ita
836 2647 872 2701 ut
896 2639 929 2700 in
950 2656 1067 2700 summa
1089 2639 1209 2740 parp'ete
1230 2659 1297 2701 uon
1321 2647 1427 2702 exstet.

481 2749 564 2818 Cum
591 2750 676 2816 baud
705 2751 888 2836 frequenter
908 2750 941 2812 in
963 2749 1171 2814 monumentis
1194 2757 1337 2826 occurrat
1357 2746 1427 2814 talis

476 2864 650 2940 execratio,
674 2859 804 2926 difficile
827 2872 874 2926 est
895 2858 1164 2938 adiudicandum,
1186 2883 1248 2946 qua
1263 2859 1304 2928 de
1319 2883 1429 2926 caussa

476 2973 594 3040 eodem
615 2995 739 3060 semper
759 2973 849 3050 loco,
870 2975 954 3059 juxta
976 2982 1114 3060 portam,
1135 2970 1216 3036 iacta
1238 2975 1285 3037 sit.
1328 2971 1428 3038 Nota-

479 3107 548 3150 rum
574 3107 729 3150 sacrarum
758 3083 922 3170 dispositio
955 3083 1084 3171 probat,
1115 3103 1179 3148 una
1208 3104 1277 3147 cum
1304 3081 1426 3169 pylone

479 3199 550 3284 ipso
588 3219 655 3261 eam
691 3195 874 3261 fabricatam
912 3217 990 3262 esse.
1049 3194 1298 3280 Explicationem
1333 3193 1427 3260 nobis

479 3305 613 3394 praebet
641 3305 747 3374 tabula
776 3307 895 3374 Thebis
924 3329 1023 3394 opere
1051 3306 1173 3372 caelato
1208 3327 1352 3392 expressa
1380 3305 1427 3388 *),

480 3439 542 3504 qua
566 3422 648 3484 cavis
671 3419 733 3484 illis
760 3419 833 3484 mali
861 3421 986 3484 immissi
1013 3427 1100 3496 sunt,
1127 3416 1249 3482 vexiliis
1277 3416 1427 3506 superad-

478 3528 588 3617 ligatis.
1260 3593 1264 3599 .

274 3651 465 3718 inscriptiones
542 3644 579 3708 In
607 3641 736 3730 pylonis
765 3641 815 3709 alc
837 3639 932 3723 (0¹)
954 3637 994 3705 ad
1017 3621 1154 3702 dextram
1176 3647 1297 3724 partem
1317 3635 1426 3719 thyro-

299 3738 423 3791 “mm“
475 3757 573 3832 matis,
594 3757 676 3819 inter
696 3752 808 3818 mirltas
827 3752 902 3816 alias
916 3751 1134 3836 inscriptiones
1150 3769 1281 3834 graecae
1295 3767 1425 3835 quoque

509 3997 533 4066 ')
551 3994 643 4051 Decor.
664 3991 697 4047 dc
715 3989 780 4065 l’lig.
798 3991 903 4067 Antiqu.
922 3990 960 4049 Pl.
979 3990 1024 4061 lll,
1042 3994 1085 4050 57.
