3026 4920
474 439 525 512 50

304 633 380 692 Pms
398 631 418 688 1.
477 615 587 680 ficiunt
610 607 872 686 admbratms
894 625 1001 670 murus
1024 615 1073 670 est
1092 603 1265 694 laevigatus
1287 639 1332 656 -·
1361 605 1452 672 infra

478 740 579 793 atrtcm
602 726 683 790 saris
705 717 837 786 rudibus
860 724 1044 784 exstructus.

543 837 694 922 Quinque
716 835 809 918 igitur
831 829 975 896 diversos
997 827 1127 894 labores
1148 830 1184 894 iu
1205 828 1322 894 eodem
1347 853 1443 897 muru

477 948 569 1014 simul
598 967 661 1010 una
688 947 833 1031 inceptos
859 941 964 1021 vides,
990 963 1096 1030 neque
1119 939 1250 1006 nmium
1273 953 1337 1024 est,
1376 967 1449 1012 um.

477 1065 510 1126 in
538 1062 687 1144 Aegypto
721 1067 830 1122 vetere
865 1053 1005 1142 populus
1037 1057 1206 1120 universus
1231 1057 1266 1120 in
1295 1056 1438 1143 singulm

478 1171 577 1239 tribus
606 1181 786 1256 segregatus
813 1168 922 1247 fucrit,
952 1169 1028 1254 quin
1058 1169 1150 1232 etiam
1178 1165 1320 1254 singulae
1345 1167 1443 1256 opili-

479 1307 548 1351 cum
570 1281 670 1348 tribus
692 1303 748 1349 sua
772 1301 920 1367 quaeque
941 1282 1069 1366 negotia
1091 1277 1238 1346 obierint.

319 1415 423 1472 ranna
545 1396 648 1482 Supra
675 1404 799 1481 portam
832 1394 1012 1479 oppositam
1042 1389 1104 1472 (k)
1138 1389 1247 1455 tabula
1281 1389 1444 1477 quadrata
1495 1425 1497 1460 t

308 1505 418 1630 12:322
481 1510 688 1596 conspicitur,
717 1503 881 1570 coloribus
907 1501 1013 1570 nitidis
1041 1500 1265 1589 resplendensa
1298 1501 1445 1569 libenter

328 1627 331 1634 ’
420 1596 428 1624 ’
480 1620 797 1708 praetermitteremus
832 1619 865 1681 in
900 1626 987 1682 tanta
1021 1613 1199 1680 tabularum
1234 1615 1341 1702 copia,
1380 1619 1445 1681 nisi

482 1735 665 1820 opinionem
687 1731 789 1796 minus
810 1739 943 1807 rectam,
965 1738 1001 1793 ut
1022 1705 1156 1806 videtin,
1179 1723 1220 1792 de
1241 1725 1368 1792 insulae
1392 1751 1444 1793 sa-

480 1847 540 1910 cris
575 1853 606 1908 et
635 1841 772 1910 Osiridis
808 1839 896 1906 cultu
925 1843 1097 1906 excitasset.
1153 1839 1191 1903 In
1217 1841 1280 1905 ima
1307 1836 1443 1905 tabulae

479 1941 586 2044 parte,
612 1977 708 2041 supra
727 1957 842 2041 januae
865 1952 986 2031 lumen,
1009 1971 1125 2038 corpus
1148 1948 1289 2018 defuncti
1311 1973 1443 2038 expres·

480 2089 549 2133 sum
571 2077 632 2144 est,
661 2065 798 2150 fascibus
826 2064 1009 2131 involutinu¹
1032 2066 1165 2146 (mumia
1186 2085 1272 2129 nuno
1294 2061 1444 2148 dicitur),

480 2183 514 2245 in
536 2177 691 2244 crocodili
714 2178 812 2248 dorso
833 2180 1015 2265 resupinum
1029 2179 1146 2262 jacens.
1183 2175 1292 2240 Nilrmr
1306 2176 1443 2242 fluvium
1494 2153 1497 2290 l

481 2289 644 2358 nonnullis
674 2289 849 2377 plantarum
879 2292 1091 2376 aquaticarum
1119 2287 1274 2374 stipitibus
1305 2285 1445 2354 indicari

483 2425 655 2470 censemus.
679 2403 796 2478 Lacum
804 2399 1367 2489 qnoqueAchcnmticum,anmdine
1381 2399 1445 2466 ob·
1496 2379 1497 2441 l

482 2520 583 2594 situm,
607 2537 737 2582 cernere
751 2537 791 2580 se·
810 2513 926 2593 credat,
951 2517 1005 2602 qui
1027 2513 1165 2592 tabulam
1180 2513 1324 2580 Graecae
1345 2517 1445 2600 origi-

482 2632 531 2694 nis
561 2649 632 2716 esse
662 2629 815 2700 existimet
835 2623 880 2708 l*).
906 2706 911 2715 Ι
936 2627 976 2692 ln
1003 2637 1094 2714 parte
1122 2629 1293 2713 superiore
1313 2623 1443 2712 figurae

484 2761 593 2806 omncs
623 2739 691 2804 fere
720 2737 845 2805 deletae
874 2749 962 2816 sunt3
989 2737 1128 2805 sedentis
1149 2737 1350 2817 lineamenta,
1381 2742 1443 2803 cir-

484 2851 558 2917 culo
580 2851 717 2929 inclusa,
740 2873 833 2937 aegre
857 2832 1105 2937 cognoscentem
1125 2873 1276 2916 summam
1297 2848 1443 2917 tabulam

485 2975 595 3030 tenent
627 2961 844 3049 duodeviginti
873 2963 985 3028 stellae
1012 2967 1094 3029 inter
1120 2964 1229 3030 Solem
1258 2962 1443 3030 estunam

300 3101 395 3144 tenure
413 3089 450 3142 cd
485 3097 548 3142 una
569 3078 651 3142 serie
674 3048 855 3162 disdositac.
893 3074 1058 3154 Tabulam,
1079 3078 1113 3142 in
1134 3097 1248 3164 magno
1264 3074 1443 3163 expeditio·
1494 3065 1495 3092 ³

317 3159 434 3284 {mlx
484 3192 533 3254 rus
547 3186 693 3254 Gallicae
717 3210 816 3275 opere
838 3188 900 3271 jam
916 3209 1103 3274 expressam,
1127 3211 1166 3254 ex
1182 3187 1306 3259 schedis
1315 3192 1443 3255 nostris
1492 3161 1495 3316 1

320 3303 422 3354 ⁴reluta.

520 3453 544 3516 ⁸)
561 3449 723 3510 tdtrabuntur
739 3447 850 3506 fortasse
868 3447 993 3516 nonnulli,
1012 3445 1084 3526 qnod
1101 3445 1135 3502 de
1151 3443 1193 3502 his
1208 3446 1349 3525 sculpturis
1367 3433 1443 3508 tdnta

556 3537 683 3594 dubitatio
707 3555 767 3592 esse
788 3539 889 3614 possim
910 3535 959 3592 scd
981 3533 1019 3590 illi
1041 3541 1164 3610 reputent
1179 3553 1282 3601 secum,
1305 3551 1382 3608 quem
1399 3537 1447 3592 in.
1493 3531 1494 3616 l

555 3633 627 3680 certa
649 3625 704 3680 sint
724 3633 874 3696 argumenta
895 3632 922 3678 et
938 3620 1047 3688 indicia,
1070 3619 1196 3694 equibus
1213 3618 1247 3674 de
1264 3615 1448 3689 Aegyptus.

556 3731 614 3766 rum
636 3718 863 3766 monumentorum
887 3717 971 3764 aetate
988 3717 1017 3762 ‘et
1034 3704 1122 3760 indole
1139 3701 1248 3776 judicari
1264 3701 1364 3779 possin
1387 3721 1443 3762 nec

555 3794 630 3851 laeile
652 3797 680 3851 in
702 3797 759 3872 ipsa
777 3792 934 3869 templorum
952 3791 1123 3848 architectura
1141 3797 1186 3845 aut
1203 3784 1355 3846 incunabula
1372 3791 1441 3849 artis
1491 3797 1493 3890 1

555 3889 600 3938 aut
617 3897 772 3961 progressus
790 3877 933 3951 dIgnoscas.
