3000 4908
80 646 138 700 ter.
191 631 251 698 De.
271 630 411 717 Aegypti
444 628 534 694 initio
562 629 735 696 meridiano
764 653 865 718 pauca
894 627 987 696 alfort
1016 633 1039 710 l,
1086 641 1161 700 mn
1176 641 1210 704 ll

79 749 125 812 30
141 742 193 826 *);
217 741 333 830 quibus
355 752 475 806 tantum
498 745 694 829 perspicitur,
717 753 892 808 cataractae
913 755 1038 809 montes

81 861 176 924 etiam
210 855 349 921 Diodori
388 864 491 919 aetate
524 855 705 941 Aegyptmn
737 855 897 920 meridiem
929 877 1039 920 versus

82 971 243 1062 clausisse.
282 969 375 1054 Quae
398 966 439 1031 de
454 965 551 1030 Philis
573 967 675 1032 insula
698 967 851 1034 etaltera
874 967 1038 1056 adjacente

83 1082 181 1160 dicat,
203 1103 298 1166 supra
319 1081 569 1144 memoravimus.

151 1196 189 1258 ln
222 1192 387 1258 Strabonis
421 1192 570 1256 Amaseni
607 1191 797 1278 geographia
836 1215 903 1258 non
935 1193 1038 1259 solum

85 1309 223 1393 Aegypti
254 1304 336 1368 fines
368 1303 547 1382 meridiani,
584 1303 694 1390 quales
728 1306 877 1391 Augusti
894 1316 1037 1391 tempore

90 1420 219 1496 luerunt,
243 1428 387 1482 accurate
409 1415 537 1480 indicati
560 1427 641 1495 sunt,
664 1417 721 1482 sed
745 1419 836 1482 etiam
859 1421 957 1503 prima
980 1439 1038 1483 no-

82 1531 132 1596 bis
157 1530 197 1595 de
220 1529 316 1594 Philis
344 1527 447 1594 insula
470 1540 555 1593 certa
579 1532 716 1595 occurrit
736 1532 862 1608 notitia,
892 1552 973 1616 quae
997 1551 1038 1594 eo

80 1645 211 1728 majoris
234 1653 282 1706 est
303 1643 403 1728 pretii,
431 1640 519 1726 quod
541 1643 619 1706 tanti
641 1642 707 1721 viri,
731 1665 824 1728 quem
847 1643 1038 1727 antiquitatis

80 1758 216 1843 pn'mum
248 1753 459 1840 geographum
490 1753 725 1834 (Eratosthenis
753 1753 826 1818 libri
854 1755 1036 1840 perienmt)

81 1865 246 1954 appellare
280 1863 364 1928 haud
396 1862 587 1944 dubitamus,
622 1888 699 1951 prae
736 1889 771 1931 se
806 1866 868 1931 fert
904 1869 1038 1930 auctori-

80 1988 189 2044 tatem.
251 1974 336 2040 Aelii
371 1975 458 2040 Galli
492 1976 645 2064 praelecti
679 1977 719 2042 ad
756 1978 941 2043 visitandam
975 1978 1038 2043 Ae-

83 2100 215 2177 gyption
250 2109 371 2165 comes,
404 2111 471 2154 non
498 2089 720 2156 Alexandriam
748 2089 846 2156 modo
877 2103 909 2157 et
936 2091 1038 2156 Mem-

83 2203 183 2289 phim,
216 2197 275 2264 sed
309 2203 400 2264 etiam
434 2203 585 2267 interiora
618 2213 721 2266 terrae
754 2203 838 2268 adiit.
894 2203 946 2268 De
974 2203 1039 2268 Ae-

83 2317 174 2402 gypti
194 2311 311 2377 finibus
333 2315 474 2378 notitiam
498 2313 675 2407 absolutam
698 2315 824 2381 exhibet
838 2313 903 2396 “A
925 2313 1037 2380 uhi'de

84 2428 263 2492 discrimine
299 2428 382 2490 inter
417 2427 617 2514 Aethiopiam
656 2438 688 2493 et
723 2429 903 2514 Aegyptum
942 2419 1038 2513 expo'-
1071 2444 1075 2452 ·

82 2543 130 2606 nit
144 2536 236 2621 ml:
260 2537 374 2625 quibus
393 2537 475 2604 locis
489 2539 686 2606 manifestum
702 2552 757 2619 est,
780 2540 911 2624 Syenen
925 2537 1037 2604 urbem

86 2651 214 2739 quidem
237 2649 408 2716 Thebaidis
430 2652 635 2740 principalem
663 2652 774 2730 fuisse;
803 2650 1037 2738 Elephantinen

40 2971 43 2977 ι
119 2897 148 2970 λ’)
172 2897 303 2972 ὠχύρωκεν
322 2897 387 2968 (τὴν
404 2895 561 2968 Αἴγυπτον)
584 2904 615 2957 ln
638 2897 699 2953 τῶν
724 2900 803 2974 πρὸς
821 2894 918 2952 νότον
934 2896 1037 2969 μερῶν
1070 2969 1074 2978 ⁵

156 2989 209 3042 οίτε
234 2982 396 3062 καταράκται
416 2985 466 3038 τοῦ
483 2988 582 3040 Νείλου
600 2986 713 3040 καὶτῶν
731 2985 797 3058 ὁρῶν
814 2985 848 3038 τά
868 2986 1037 3055 συνορίζοντα

122 3115 124 3119 ,
155 3071 274 3137 τούτοις,
301 3079 329 3126 et
349 3067 437 3147 paullo
460 3068 526 3126 insta
547 3069 572 3139 l,
595 3073 638 3127 32.
661 3070 826 3145 καταράκται
848 3077 895 3142 μὲν
919 3065 965 3125 otiu
987 3076 1037 3126 εἰσι

156 3160 274 3214 τοιοῦτοι
297 3164 414 3223 πλείους,
437 3165 558 3230 μέγιστος
580 3153 607 3212 δ’
629 3157 644 3212 ὃ
667 3159 748 3230 πρὸς
766 3167 839 3220 τοῖς
854 3161 1036 3230 μεθορίοις

159 3245 205 3315 της
219 3249 370 3304 Αἰθιοπίας
388 3265 416 3297 τε
435 3249 480 3298 καί
497 3243 544 3316 της
561 3241 711 3314 Αἰγύπτου.

122 3326 165 3398 “l
182 3329 267 3397 xvh,
283 3349 341 3406 pag.
361 3329 422 3384 787.

121 3412 179 3484 lll)
201 3419 250 3487 τὴν
269 3421 296 3470 δὲ
313 3421 464 3486 Αἴγυπτον,
483 3419 527 3470 καλ
543 3413 624 3488 μόνος
642 3419 686 3470 καί
704 3414 789 3472 πάοαν
806 3419 852 3469 καὶ
869 3419 911 3470 ἐπὶ
928 3411 1037 3478 εὐθείας

156 3499 287 3570 (διεἙειοιν
314 3502 329 3556 ὁ
353 3499 465 3572 Νεῖλος)
498 3498 553 3556 άπὸ
582 3500 633 3555 τοῦ
656 3501 751 3574 μικροῦ
778 3500 947 3574 καταράκτου
973 3501 1037 3573 ὑπὲρ

155 3585 259 3659 Συηνης
275 3593 320 3644 καί
333 3584 516 3663 Ἐλεφαντίνης
532 3583 686 3661 άρξάμενος,
711 3589 785 3659 οἵπερ
804 3591 867 3641 εἰοίν
890 3585 960 3660 ὅροι
982 3586 1038 3654 της

155 3672 331 3750 Αἰγύπτου
348 3681 394 3732 καί
410 3675 460 3748 της
477 3678 644 3737 Αἰθιοπίας.
664 3705 696 3735 -,
719 3691 829 3750 prorsus
847 3691 905 3750 pag.
917 3673 985 3728 817.
1004 3669 1037 3728 C.

152 3761 191 3816 ‘H
207 3765 234 3816 dl
252 3761 341 3834 Συάνη
359 3755 404 3818 καί
419 3761 436 3834 η
452 3758 621 3836 Ἔλεφαντίνη
638 3759 655 3832 ἦ
671 3768 718 3832 μέν
736 3763 788 3814 tut
810 3757 871 3813 τῶν
894 3758 974 3834 ὅροιν
992 3759 1039 3831 τῆς

146 3851 307 3912 ,Αἰθιοπίας
325 3854 370 3904 καὶ
386 3849 432 3914 τοῖς
449 3847 589 3921 Αἰγύπτου
607 3845 681 3910 πόλις
699 3877 732 3888 -
751 3851 779 3900 el
794 3843 882 3922 paullo
899 3855 962 3923 post
978 3863 1038 3922 pag.

155 3933 218 3987 819.
239 3936 276 3988 τοὶ
299 3938 367 4010 πρὸς
388 3934 467 3990 νότον
485 3931 681 4009 Τρωγλοδύται,
709 3937 842 4005 Βλίμμυες
864 3939 910 3989 καλ
932 3931 1038 4002 Νοῦβαι
1150 3931 1152 3938 ’

155 4023 200 4072 καί
218 4018 376 4096 Μεγάβαροι
393 4027 421 4076 ol
437 4021 501 4097 {sulp
514 4019 618 4093 Συήνης
634 4023 784 4082 Αἰθίοπες.
802 4050 837 4063 -
