3000 4908
977 473 1025 548 59

64 653 148 740 plum
177 655 348 720 maxumam
366 649 571 720 Graecorum
596 647 652 716 vel
677 647 894 716 Romaummu
923 659 1026 716 aetate
1079 658 1154 719 Pras
1173 661 1192 719 1.

70 777 266 833 exstructum.
283 787 357 832 esse
371 761 416 845 *).

149 879 266 944 Multa
297 881 331 944 in
364 879 433 963 ripa
466 873 656 941 occidentali
690 873 835 941 aedificia
865 877 927 959 (P,
957 875 1026 962 ΡΙ.)
1147 951 1161 982 0

62 995 163 1056 ruinis
197 990 358 1075 collapsa,
383 987 481 1054 mna
507 987 651 1053 nondum
679 986 827 1053 absoluta
853 987 1028 1067 suntsed

63 1101 202 1190 quando
238 1104 426 1179 sonuerint,
452 1100 508 1166 vel
529 1099 570 1166 ab
593 1097 762 1187 opificibus
786 1099 936 1167 derelicta
955 1104 1027 1182 sint,

64 1217 233 1280 terminari
254 1235 322 1280 uon
343 1223 457 1301 potest.
567 1217 574 1234 '

39 1395 41 1402 ,
127 1329 325 1402 ’Posteriora
335 1381 336 1386 ,
346 1336 498 1413 tempore,
520 1347 591 1420 cmn
610 1327 673 1412 jam
687 1321 797 1390 Philae
811 1326 1027 1413 Aegyptiacae

72 1452 175 1506 essent
208 1439 364 1516 ditionis‚.-
383 1447 415 1502 et
443 1437 527 1504 scala
548 1440 582 1502 in
603 1436 671 1502 fine
693 1437 821 1503 australi
843 1442 947 1524 posita
963 1443 1028 1504 ¹cir·

70 1555 187 1618 cuitum
200 1550 349 1617 'navibus
377 1549 610 1616 incommodum
633 1547 782 1629 afferret,
809 1571 922 1637 uragno
950 1563 1027 1617 tem·

67 1663 124 1750 plo
148 1665 350 1752 peristylium
379 1666 451 1746 (A)
479 1676 510 1729 et
531 1673 625 1751 porta
652 1664 724 1744 (B)
754 1661 878 1750 adjecta
898 1662 1027 1729 videan-

66 1787 138 1853 tur;
166 1777 228 1842 sed
256 1777 369 1844 aede
396 1779 507 1842 horum
535 1775 664 1864 quidam
687 1774 902 1842 aedificiorum
923 1788 1027 1844 aetate

68 1893 148 1956 certi
170 1889 344 1978 quidquam
366 1890 504 1978 proferri
525 1889 609 1954 licet.

136 2005 282 2068 Tertium
320 2001 486 2090 appulsum
524 1979 627 2089 prope
664 2020 771 2066 arcum
808 1987 1030 2086 trimphslem'

68 2117 253 2182 Romanum
274 2115 385 2194 irmse',
405 2115 604 2182 maniiestum
623 2110 756 2195 -est**)'.
802 2111 929 2200 Quodsi
952 2135 1027 2180 con*

104 2307 134 2378 l)
154 2304 338 2384 champollion
356 2306 444 2362 minor
461 2301 585 2380 (epistola
596 2302 669 2374 XII.)
686 2305 715 2360 iu
732 2302 831 2382 templo
843 2301 1027 2384 Latopolitauu

145 2392 196 2466 (ad
213 2413 307 2472 pagum
324 2389 415 2461 Esne)
434 2391 561 2446 uomina
578 2387 722 2447 Ptolemaei
739 2390 898 2470 Epiphauis,
922 2389 1027 2448 Claudii

143 2480 322 2559 imperatoris,
343 2475 499 2554 Vespasiani
517 2486 544 2532 et
560 2465 640 2544 Titi‚'
653 2476 812 2547 Domitiani,
834 2477 952 2553 Traiani,
975 2477 1027 2534 Ha-

145 2567 242 2636 driani,
255 2565 390 2632 Antonini,
407 2563 444 2620 tt.
460 2561 573 2632 aaran,
588 2561 738 2634 Commodi,
756 2564 834 2644 Sept
851 2565 956 2634 *Severi
974 2563 1026 2622 Ge-

146 2663 187 2710 tae
209 2662 237 2710 et
259 2649 423 2718 Caracallus,
443 2649 527 2708 literis
550 2649 717 2728 phoueticim
736 2671 800 2728 quas
822 2663 929 2723 vocant,
947 2653 1027 2728 legit,

146 2761 223 2817 quarn
251 2758 307 2794 rem
333 2757 367 2793 eo
392 2739 476 2793 minus
505 2739 533 2793 iu
563 2736 669 2794 dubium
696 2758 833 2809 vocamus,
863 2760 916 2817 quo
945 2742 1027 2816 magis

148 2823 356 2902 Champollionis
372 2822 524 2880 methodum
540 2824 568 2880 in
585 2823 744 2902 explicandis
762 2829 843 2903 signis
854 2827 1028 2905 hieroglyphi-

146 2915 188 2970 cis
203 2921 234 2970 ut
249 2912 325 2966 unice
336 2913 426 2968 ueram
439 2910 593 2988 probamum
610 2932 660 2968 uec
675 2915 764 2970 tarum
776 2933 841 2990 qaae
857 2935 882 2970 e.
893 2916 1027 2971 nomini-

146 3001 209 3056 hus
224 2996 328 3072 collegit
344 2997 525 3065 concedimus,
543 3017 637 3077 nempe
652 2999 770 3074 singulas
785 3001 1028 3079 templicolumuas

148 3095 177 3142 et
193 3087 308 3164 parietes
324 3106 339 3142 a
351 3084 458 3158 siugulis
476 3085 580 3161 regibus
591 3088 736 3163 inscriptis,
746 3107 865 3164 -quormn
876 3109 955 3166 regna
968 3110 1027 3167 spa-

145 3176 214 3230 tium
230 3175 282 3228 tal
300 3191 426 3229 annorum
442 3171 680 3250 comprehendunt,
697 3183 834 3232 exstructa·
847 3196 914 3233 esse.
945 3177 1027 3252 rQuis

145 3262 217 3316 euim
231 3278 287 3316 non
303 3257 531 3334 iutelligatregas
549 3261 765 3337 imperatorem,
783 3261 897 3320 aedificii
914 3263 1027 3341 palchri-

143 3346 262 3406 tudinem
279 3355 306 3402 et
321 3349 487 3405 saacfitatem
503 3345 733 3415 admiratos‚rtota
748 3367 797 3405 sua
815 3349 925 3406 dirersis
936 3349 1028 3428 templi

142 3433 262 3513 partibus
276 3435 454 3512 inscripsisse,
471 3435 848 3509 itaqueuomiuaaaetatem,
867 3457 920 3512 quo
937 3456 1028 3494 mouu-

141 3529 262 3578 mentum
287 3530 449 3578 exstructum
473 3519 537 3582 furit.
563 3540 618 3576 uon
640 3521 797 3580 definirent·
823 3520 1028 3592 certioretis,

140 3606 654 3683 disquisitio-uibushistoricis,
673 3607 803 3666 ¹aodiaoos
827 3607 890 3665 illos
911 3607 1028 3668 famosos

141 3696 286 3752 recentiori
306 3695 385 3752 aetati
407 3693 548 3750 vindicavit
568 3691 788 3758 Letmuuiassin.
801 3695 1027 3755 observationibus

145 3782 249 3839 trilicis
286 3781 497 3852 (Observatiana.
510 3782 635 3856 critiques
652 3781 973 3860 etz-mfflulogiqueseur
988 3785 1028 3842 les

147 3869 367 3943 reprineutatinus
384 3867 529 3932 mdiacalea
548 3868 659 3940 leant

112 3950 154 4020 *ἢ
178 3951 304 4012 Addeuda
321 3965 372 4012 teat
395 3952 609 4032 Champolliouis,
625 3954 774 4013 distributio
800 3967 1028 4016 monumentorum

146 4036 311 4110 Phileasium,
328 4041 413 4118 Epist.
431 4040 477 4098 xl.
496 4042 646 4119 proposita:
682 4042 956 4124 „Parvumtempluru
973 4065 1026 4102 me·
