3026 4920
481 473 531 551 12

482 655 520 720 tis
550 649 760 737 collapsmus,
788 657 878 736 parte
906 646 1094 716 occidentali
1115 649 1211 735 magis
1231 650 1355 734 integer
1380 659 1451 730 est,

482 787 575 854 quam
597 760 751 827 orientali
793 760 923 848 Operae
944 764 1079 848 pretium
1099 753 1232 840 videtu,
1253 759 1349 848 plane
1374 763 1449 827 sin-

482 877 620 964 gularem
641 872 721 938 muri
743 875 1008 938 constructionem
1030 909 1073 922 -
1097 876 1185 961 cujus
1207 876 1336 958 vestigia
1358 871 1449 940 Ele-

481 989 631 1076 phantine
659 1005 788 1071 quoque
816 987 1016 1073 reperiuntur
1043 1021 1087 1034 —
1113 987 1147 1050 in
1173 993 1262 1072 parte
1275 996 1280 1012 ¹
1294 984 1446 1065 insulae,

482 1099 622 1165 Africum
655 1107 817 1183 spectante
851 1099 959 1183 paucis
992 1099 1152 1182 attingere.
1208 1095 1320 1162 lufima
1347 1101 1446 1163 euim

481 1213 561 1278 muri
582 1231 663 1296 pars,
686 1208 904 1274 observaveris
927 1229 995 1272 eam
1016 1207 1071 1272 vel
1093 1230 1111 1272 e
1132 1209 1247 1294 scapha
1269 1209 1322 1308 yel
1344 1232 1364 1276 a
1386 1207 1445 1275 lit-

481 1334 552 1389 tore
575 1324 724 1408 opposito
746 1319 868 1384 insulae
890 1319 1012 1406 Bageh‚
1033 1339 1101 1385 uon
1123 1318 1163 1384 ad
1185 1317 1327 1386 amussim
1351 1319 1444 1387 dire-

482 1446 532 1500 cta
555 1443 611 1512 est,
633 1432 689 1498 sed
713 1430 821 1496 circuli
841 1434 1013 1497 sectionem
1029 1452 1199 1496 concavam
1214 1431 1347 1511 exhibet,
1370 1455 1442 1519 qua

481 1549 587 1634 operis
615 1543 758 1612 soliditas
784 1542 914 1607 multum
943 1553 1082 1629 augetur.
1133 1541 1204 1610 Nec
1231 1554 1336 1610 tamen
1360 1555 1439 1611 tota

480 1657 584 1724 insula
605 1658 686 1722 banc
714 1653 903 1720 aedificandi
930 1658 1084 1720 rationem
1106 1653 1273 1720 adhibitam
1296 1679 1366 1722 esse
1388 1661 1438 1722 vi-

482 1770 597 1847 dimus,
625 1766 680 1832 ubi
709 1769 790 1832 enim
818 1766 957 1832 firmiore
986 1789 1067 1854 rupe
1088 1767 1161 1832 litus
1182 1771 1332 1834 munitum
1356 1780 1433 1848 erat,

480 1882 526 1947 ibi
547 1880 642 1947 solito
665 1877 762 1944 niodo
785 1879 988 1944 hmdamenta
1011 1891 1170 1946 exstruere
1184 1889 1232 1946 sat
1245 1877 1430 1958 habuertmt,

481 1993 538 2058 ubi
559 2001 662 2058 autem
683 1991 755 2056 litus
778 1994 878 2056 minus
900 2001 1000 2056 tutum
1022 2002 1097 2071 erat,
1121 2001 1157 2058 ut
1177 1991 1210 2056 in
1231 2002 1321 2078 parte
1341 1995 1435 2058 meri-

482 2103 609 2182 dionali,
631 2101 675 2168 ibi
696 2101 879 2168 solidiorem
894 2101 1081 2168 aedificandi
1094 2106 1249 2168 rationem
1263 2101 1434 2185 malebant,

482 2239 579 2304 quae,
602 2217 740 2302 quamvis
763 2215 891 2280 lomicis
914 2218 1050 2302 speciem
1070 2213 1217 2303 praebet,
1239 2218 1362 2280 minime
1385 2226 1432 2281 ta-

477 2349 554 2394 men
576 2348 657 2414 opus
679 2325 865 2392 fornicatum
888 2338 950 2405 est,
973 2326 1061 2413 quod
1081 2349 1141 2394 nos
1162 2349 1321 2394 vocamus.
1363 2327 1433 2393 Ro-

482 2462 645 2506 manorum
677 2438 916 2504 fornicationem
952 2441 1116 2526 Aegyptiis
1149 2441 1286 2525 ignotam
1319 2439 1424 2520 luisse,

481 2554 564 2618 inter
586 2573 697 2617 omnes
719 2553 792 2616 artis
814 2552 933 2637 peritos
954 2553 1016 2637 jam
1039 2549 1157 2616 dudum
1172 2553 1334 2644 'convenit

328 2669 445 2758 mr·
563 2664 684 2730 Nostro
722 2665 802 2728 sicut
838 2661 1001 2728 Strabonis
1037 2673 1180 2748 tempore
1207 2660 1245 2744 ¹³)
1280 2663 1428 2749 scaphae,

293 2743 453 2812 “mm'‘
484 2799 565 2864 quae
597 2777 630 2842 in
663 2772 796 2840 insulam
833 2774 1043 2853 advehuntur,
1081 2777 1215 2861 pessime
1242 2785 1315 2842 sunt
1348 2786 1429 2842 stru-

484 2885 568 2964 ctae3
600 2885 774 2973 perieulmn
806 2896 908 2952 autem
942 2885 1114 2972 trajiciendi
1145 2889 1296 2954 imminuit
1327 2909 1427 2974 aquae

483 2993 607 3088 placida
636 2997 857 3085 tranquillitas;
884 2997 993 3063 Nilmn
1014 3001 1096 3064 circa
1117 2997 1222 3063 Philas
1249 3009 1346 3066 vento
1367 3002 1428 3086 agi-

482 3113 550 3190 tari,
571 3112 747 3196 fluctusque
771 3113 853 3175 ciere
874 3131 1033 3196 nimquam
1054 3113 1254 3176 meminimus.
1289 3111 1320 3176 A
1339 3123 1426 3198 parte

484 3221 629 3288 orientali
644 3220 812 3287 accedenti
833 3232 1034 3311 praeruptum
1055 3221 1129 3288 litus
1151 3219 1270 3298 obstan
1292 3244 1356 3308 quo
1378 3247 1425 3290 sn-

483 3344 603 3422 perato,
626 3333 794 3420 quadratus
816 3355 923 3399 murus
946 3355 1015 3398 cum
1035 3333 1164 3400 sedibus
1185 3333 1317 3421 lapideis
1330 3334 1424 3404 fluvio

481 3447 627 3524 imminet,
650 3455 714 3512 tum
736 3458 970 3512 monumentum
992 3446 1251 3531 elegantissimmn
1273 3448 1347 3528 (A),
1371 3469 1425 3532 pe-

284 3564 460 3650 Penjnytinm
482 3557 596 3644 ristylii
616 3561 742 3624 nomine
763 3557 857 3624 nobis
880 3557 1112 3644 designandum.
1156 3557 1256 3643 Quod
1277 3579 1344 3622 cum
1361 3560 1422 3620 via·

307 3638 445 3690 amatote.
483 3668 605 3735 toribus
627 3673 758 3757 primum
778 3673 813 3734 in
833 3669 935 3735 insula
957 3681 1109 3748 occmrat,
1131 3669 1240 3757 paullo
1256 3667 1422 3735 accinctius
1498 3659 1499 3666 ἵ

482 3781 545 3846 hoc
566 3781 641 3847 loco
664 3779 904 3848 describendum
926 3791 982 3848 est.
1033 3781 1168 3850 Constat
1194 3779 1424 3869 quatuordecim
1498 3779 1499 3822 l

516 4026 541 4098 ⁹)
558 4023 620 4101 Peg.
638 4027 699 4082 818.
718 4025 808 4095 (1173
826 4023 866 4082 ed.
886 4019 1080 4094 Almeloveen.)
