3000 4908
986 472 1033 548 57

73 677 185 750 neque
213 669 351 726 statuere
374 657 525 748 ausimus,
553 667 658 722 utsmn
680 655 809 724 omnino
831 648 1034 741 imperfectus
1092 662 1168 721 Pais
1186 663 1207 722 1.

78 777 130 854 sit,
154 795 196 838 an
217 783 396 860 temporum
417 765 531 856 injuria
552 778 700 834 vastatus.

74 895 76 898 ’
144 883 294 952 Extrema
315 881 419 947 insula
442 879 696 966 septentrionalis
720 876 816 965 plena
839 875 964 965 quidem
987 886 1034 941 est

74 999 239 1073 ruderum,
256 1014 323 1059 non
336 1003 439 1057 autem
458 991 597 1078 lapidum
610 990 849 1078 quadratorum
868 1011 965 1077 quare
984 1010 1036 1053 ur-

74 1113 169 1189 bem,
192 1133 209 1174 a
232 1103 436 1194 scriptoribus
457 1116 674 1183 memoratam,
701 1101 746 1169 ibi
770 1107 936 1180 exstitisse,
959 1106 1036 1171 terti-

76 1225 134 1312 pla
164 1227 268 1285 autem
297 1228 329 1283 et
358 1219 493 1282 sacraria
521 1226 641 1302 partem
671 1216 838 1282 australem
860 1213 1035 1280 obtinuisse

79 1333 164 1400 haud
188 1329 330 1398 absimile
355 1329 488 1394 videtur.
539 1331 577 1393 ln
598 1330 666 1415 ripa
688 1326 813 1392 boreali
836 1327 892 1410 (ad
914 1331 944 1411 r)
967 1329 1035 1393 Ro·
1101 1345 1189 1398 Area,

85 1465 172 1510 mana
194 1455 243 1510 est
266 1437 460 1520 aedificatio,
483 1459 576 1526 quam
600 1444 686 1504 arcui
708 1439 886 1526 triumphali
909 1463 1035 1528 compa·
1059 1415 1237 1542 ww?

82 1579 153 1622 rare
174 1555 258 1621 licet.
313 1553 430 1619 Tribus
454 1563 577 1618 constat
598 1550 788 1629 fomicibus;
816 1553 952 1632 medius,
981 1557 1036 1640 qui

79 1672 180 1735 ruinis
202 1667 354 1746 concidit,
384 1665 465 1730 duos
489 1664 656 1750 adjtmctos
679 1663 843 1730 altitudine
866 1688 1036 1752 superave-

78 1793 142 1848 rat.
181 1782 218 1846 In
238 1800 453 1845 mensurarum
474 1775 648 1866 rationibus
672 1801 742 1842 cum
765 1780 877 1844 ceteris
900 1775 1035 1843 arcubus

79 1893 320 1985 triumphalibus
357 1893 575 1957 Romanorum
612 1894 765 1977 congruit.
833 1889 1035 1956 Ornamentis

78 2007 178 2095 plane
207 2015 308 2082 caret;
336 2003 475 2091 lapidmn
504 2002 729 2090 quadratorum
758 2001 942 2090 superficies
964 2022 1064 2089 pan·

78 2123 135 2184 tim
158 2120 325 2204 asperrima
349 2127 403 2194 est,
426 2117 538 2201 partim
561 2103 652 2180 caelo
670 2114 781 2180 obiter
795 2116 937 2196 formata,
961 2137 1048 2203 qua-a

79 2241 215 2319 propter
242 2250 308 2296 non
330 2232 456 2307 mirmn,
485 2226 574 2313 quod
595 2229 628 2291 in
652 2250 751 2314 opere
774 2229 975 2315 imperfecto,
1002 2231 1035 2292 in

80 2348 171 2431 cujus
208 2343 362 2408 honorem
401 2349 589 2406 exstructum
626 2343 679 2418 sit,
727 2343 932 2430 inscriptione
969 2361 1036 2405 non

81 2455 262 2524 declaretur
301 2449 345 2533 *).
412 2453 584 2516 Fornieum
614 2451 798 2517 'verticibus
843 2451 1035 2518 vocabrdum

80 2565 301 2636 SANCTVM
330 2574 378 2629 est
403 2567 594 2650 inscriptum.
651 2565 779 2644 Murus,
816 2586 906 2629 arcus
934 2545 1055 2630 nostri'

79 2681 333 2754 fundamentum,
377 2676 578 2742 remotiorem
616 2679 830 2763 antiquitatem
847 2688 1035 2786 monstrat,

79 2793 184 2858 forma
222 2788 374 2877 quadrata
410 2791 498 2873 quasi
533 2787 804 2876 propugnaculmn
837 2793 871 2854 iu
905 2791 1036 2855 fluvium

82 2903 250 2992 proeunit.
310 2899 466 2986 Reliquus
499 2922 604 2966 murus
642 2903 723 2966 hanc
758 2902 880 2967 insulae
914 2913 1036 2988 partem

84 3019 213 3100 cingens
238 3011 363 3078 diverso
386 3025 529 3098 tempore
553 3024 724 3078 exstructus
746 3013 812 3093 fuit,
835 3014 924 3100 quod
945 3018 1035 3081 vario

85 3134 322 3219 caementorum
356 3145 455 3210 opere
488 3124 580 3189 facile
614 3129 815 3211 perspicitur;
848 3132 969 3193 murum
1002 3131 1036 3192 in

82 3239 236 3302 interiore
271 3235 373 3301 insula
402 3238 457 3319 (s)
491 3235 597 3324 lapide
634 3238 788 3324 quadrato
824 3242 1035 3318 constitutum,

78 3349 174 3415 nullo
208 3349 320 3434 majori
353 3347 498 3414 aedificio
533 3351 728 3434 contiguum,
761 3351 836 3417 ideo
866 3355 899 3415 in
927 3349 1036 3416 tabula

77 3463 275 3540 notavimus,
303 3464 377 3546 qma
398 3464 431 3527 in
451 3460 578 3526 boreali
598 3460 721 3527 insulae
743 3474 833 3549 parte
855 3461 1036 3528 altissimum
1091 3552 1095 3560 .

79 3593 283 3628 ..fl-...—

118 3696 144 3767 ⁴¹)
167 3692 267 3752 Areum
286 3693 482 3772 triumphalem,
509 3691 569 3750 huie
590 3693 763 3762 simillimum,
790 3697 916 3770 majorem
938 3704 1036 3765 tamen,

154 3781 216 3838 olim
243 3783 376 3839 exstitisse
403 3780 516 3838 vidimus
541 3783 570 3838 iu
595 3779 702 3840 Antinoi
731 3781 796 3841 urbe
824 3781 975 3861 (Descript.
1001 3781 1037 3840 de

154 3865 267 3948 l'Egypt.
286 3865 392 3944 Autiqu.
410 3865 443 3923 V.
458 3865 502 3924 vl.
520 3869 594 3937 bl),
618 3888 695 3944 quam
707 3868 748 3925 ab
766 3867 898 3926 Hadriano
918 3872 1032 3947 ¹impera·

156 3962 212 4008 tore
229 3953 362 4012 conditam
380 3974 440 4010 esse
458 3955 568 4020 seimus;
590 3975 676 4030 neque
698 3954 806 4012 multum
825 3966 910 4014 aetate
928 3955 1034 4020 differre

157 4035 256 4097 ridetur
274 4059 349 4098 arcus
366 4037 496 4098 Philensis
514 4040 546 4098 ab
563 4040 727 4099 Antinoensi.
753 4067 784 4086 ‘-
