<?xml version="1.0" encoding="UTF-8"?>
<!DOCTYPE html PUBLIC "-//W3C//DTD XHTML 1.0 Transitional//EN"
    "http://www.w3.org/TR/xhtml1/DTD/xhtml1-transitional.dtd">
<html xmlns="http://www.w3.org/1999/xhtml" xml:lang="en" lang="en">
 <head>
  <title>
</title>
<meta http-equiv="Content-Type" content="text/html;charset=utf-8" />
  <meta name='ocr-system' content='tesseract 3.04.00' />
  <meta name='ocr-capabilities' content='ocr_page ocr_carea ocr_par ocr_line ocrx_word'/>
</head>
<body>
  <div class='ocr_page' id='page_1' title='image "./dephilisinsulae00partgoog_0115.png"; bbox 0 0 3000 4908; ppageno 0'>
   <div class='ocr_carea' id='block_1_1' title="bbox 462 478 535 552">
    <p class='ocr_par' dir='ltr' id='par_1_1' title="bbox 462 478 535 552">
     <span class='ocr_line' id='line_1_1' title="bbox 462 478 535 552; baseline 0 0"><span class='ocrx_word' id='word_1_1' title='bbox 462 478 535 552; x_wconf 83' lang='lat'><strong>1⁰0</strong></span> 
     </span>
    </p>
   </div>
   <div class='ocr_carea' id='block_1_2' title="bbox 255 647 1477 3668">
    <p class='ocr_par' dir='ltr' id='par_1_2' title="bbox 255 647 1477 3668">
     <span class='ocr_line' id='line_1_2' title="bbox 283 647 1421 744; baseline -0.004 -18"><span class='ocrx_word' id='word_1_2' title='bbox 283 667 358 726; x_wconf 78' lang='lat' dir='ltr'><strong>Pane</strong></span> <span class='ocrx_word' id='word_1_3' title='bbox 377 667 407 724; x_wconf 84' lang='lat' dir='ltr'><strong>ll</strong></span> <span class='ocrx_word' id='word_1_4' title='bbox 528 653 594 721; x_wconf 87' lang='lat' dir='ltr'><strong>Sed</strong></span> <span class='ocrx_word' id='word_1_5' title='bbox 622 651 701 718; x_wconf 86' lang='lat' dir='ltr'><strong>haec</strong></span> <span class='ocrx_word' id='word_1_6' title='bbox 728 647 889 717; x_wconf 84' lang='lat' dir='ltr'><strong>sufficiant·</strong></span> <span class='ocrx_word' id='word_1_7' title='bbox 923 648 963 715; x_wconf 90' lang='lat' dir='ltr'><strong>ad</strong></span> <span class='ocrx_word' id='word_1_8' title='bbox 995 648 1252 720; x_wconf 89' lang='lat' dir='ltr'><strong>determinandos</strong></span> <span class='ocrx_word' id='word_1_9' title='bbox 1280 655 1421 744; x_wconf 84' lang='lat' dir='ltr'><strong>Aegypti</strong></span> 
     </span>
     <span class='ocr_line' id='line_1_3' title="bbox 462 747 1420 852; baseline 0.002 -20"><span class='ocrx_word' id='word_1_10' title='bbox 462 765 558 846; x_wconf 85' lang='lat' dir='ltr'><strong>lines,</strong></span> <span class='ocrx_word' id='word_1_11' title='bbox 588 765 699 852; x_wconf 87' lang='lat' dir='ltr'><strong>quales</strong></span> <span class='ocrx_word' id='word_1_12' title='bbox 727 747 822 829; x_wconf 70' lang='lat' dir='ltr'><strong>uariis</strong></span> <span class='ocrx_word' id='word_1_13' title='bbox 845 760 1041 849; x_wconf 81' lang='lat' dir='ltr'>temporibus</span> <span class='ocrx_word' id='word_1_14' title='bbox 1063 763 1199 830; x_wconf 83' lang='lat' dir='ltr'><strong>luerunt</strong></span> <span class='ocrx_word' id='word_1_15' title='bbox 1250 769 1324 832; x_wconf 87' lang='lat' dir='ltr'><strong>Jam</strong></span> <span class='ocrx_word' id='word_1_16' title='bbox 1348 767 1420 835; x_wconf 89' lang='lat' dir='ltr'><strong>lon-</strong></span> 
     </span>
     <span class='ocr_line' id='line_1_4' title="bbox 465 874 1415 968; baseline -0.001 -22"><span class='ocrx_word' id='word_1_17' title='bbox 465 883 569 968; x_wconf 91' lang='lat' dir='ltr'><strong>giores</strong></span> <span class='ocrx_word' id='word_1_18' title='bbox 590 881 624 944; x_wconf 90' lang='lat' dir='ltr'><strong>in</strong></span> <span class='ocrx_word' id='word_1_19' title='bbox 645 878 706 942; x_wconf 89' lang='lat' dir='ltr'><strong>hac</strong></span> <span class='ocrx_word' id='word_1_20' title='bbox 728 875 946 962; x_wconf 80' lang='lat' dir='ltr'><strong>disquisitione</strong></span> <span class='ocrx_word' id='word_1_21' title='bbox 968 874 1066 940; x_wconf 85' lang='lat' dir='ltr'><strong>fuisse</strong></span> <span class='ocrx_word' id='word_1_22' title='bbox 1087 875 1245 957; x_wconf 86' lang='lat' dir='ltr'><strong>videmur,</strong></span> <span class='ocrx_word' id='word_1_23' title='bbox 1273 880 1332 946; x_wconf 87' lang='lat' dir='ltr'><strong>sed</strong></span> <span class='ocrx_word' id='word_1_24' title='bbox 1350 877 1415 946; x_wconf 89' lang='lat' dir='ltr'><strong>dili-</strong></span> 
     </span>
     <span class='ocr_line' id='line_1_5' title="bbox 463 977 1420 1080; baseline 0.003 -24"><span class='ocrx_word' id='word_1_25' title='bbox 463 993 597 1080; x_wconf 79' lang='lat' dir='ltr'><strong>gentiam</strong></span> <span class='ocrx_word' id='word_1_26' title='bbox 626 977 800 1078; x_wconf 83' lang='lat' dir='ltr'><strong>postulavit</strong></span> <span class='ocrx_word' id='word_1_27' title='bbox 827 991 968 1054; x_wconf 86' lang='lat' dir='ltr'><strong>materiei</strong></span> <span class='ocrx_word' id='word_1_28' title='bbox 1004 986 1141 1056; x_wconf 87' lang='lat' dir='ltr'><strong>ubertas.</strong></span> <span class='ocrx_word' id='word_1_29' title='bbox 1200 991 1302 1058; x_wconf 85' lang='lat' dir='ltr'><strong>Tanta</strong></span> <span class='ocrx_word' id='word_1_30' title='bbox 1338 996 1420 1059; x_wconf 88' lang='lat' dir='ltr'><strong>enirn</strong></span> 
     </span>
     <span class='ocr_line' id='line_1_6' title="bbox 463 1098 1420 1190; baseline -0.001 -19"><span class='ocrx_word' id='word_1_31' title='bbox 463 1115 511 1172; x_wconf 90' lang='lat' dir='ltr'><strong>est</strong></span> <span class='ocrx_word' id='word_1_32' title='bbox 524 1103 665 1190; x_wconf 75' lang='lat' dir='ltr'><strong>Aegypti</strong></span> <span class='ocrx_word' id='word_1_33' title='bbox 680 1100 848 1168; x_wconf 83' lang='lat' dir='ltr'><strong>celebritas</strong></span> <span class='ocrx_word' id='word_1_34' title='bbox 864 1098 949 1187; x_wconf 93' lang='lat' dir='ltr'><strong>apud</strong></span> <span class='ocrx_word' id='word_1_35' title='bbox 963 1112 1097 1180; x_wconf 88' lang='lat' dir='ltr'><strong>veteres,</strong></span> <span class='ocrx_word' id='word_1_36' title='bbox 1119 1113 1155 1168; x_wconf 89' lang='lat' dir='ltr'><strong>ut</strong></span> <span class='ocrx_word' id='word_1_37' title='bbox 1168 1104 1219 1168; x_wconf 84' lang='lat' dir='ltr'><strong>vix</strong></span> <span class='ocrx_word' id='word_1_38' title='bbox 1234 1103 1333 1168; x_wconf 71' lang='lat' dir='ltr'><strong>tellum</strong></span> <span class='ocrx_word' id='word_1_39' title='bbox 1346 1109 1420 1172; x_wconf 88' lang='lat' dir='ltr'><strong>scri-</strong></span> 
     </span>
     <span class='ocr_line' id='line_1_7' title="bbox 342 1214 1422 1309; baseline -0.002 -26"><span class='ocrx_word' id='word_1_40' title='bbox 342 1253 344 1261; x_wconf 31' lang='grc' dir='ltr'><strong><em>ι</em></strong></span> <span class='ocrx_word' id='word_1_41' title='bbox 460 1228 586 1305; x_wconf 89' lang='lat' dir='ltr'><strong>ptorem</strong></span> <span class='ocrx_word' id='word_1_42' title='bbox 607 1217 762 1302; x_wconf 83' lang='lat' dir='ltr'><strong>reperias,</strong></span> <span class='ocrx_word' id='word_1_43' title='bbox 790 1217 845 1300; x_wconf 93' lang='lat' dir='ltr'><strong>qui</strong></span> <span class='ocrx_word' id='word_1_44' title='bbox 871 1236 941 1309; x_wconf 86' lang='lat' dir='ltr'><strong>non</strong></span> <span class='ocrx_word' id='word_1_45' title='bbox 961 1214 1192 1302; x_wconf 81' lang='lat' dir='ltr'><strong>Aegyptiorum</strong></span> <span class='ocrx_word' id='word_1_46' title='bbox 1213 1238 1333 1297; x_wconf 91' lang='lat' dir='ltr'><strong>mores,</strong></span> <span class='ocrx_word' id='word_1_47' title='bbox 1358 1229 1422 1282; x_wconf 90' lang='lat' dir='ltr'><strong>ter-</strong></span> 
     </span>
     <span class='ocr_line' id='line_1_8' title="bbox 463 1315 1418 1414; baseline -0.002 -20"><span class='ocrx_word' id='word_1_48' title='bbox 463 1350 517 1394; x_wconf 88' lang='lat' dir='ltr'><strong>rae</strong></span> <span class='ocrx_word' id='word_1_49' title='bbox 545 1326 687 1392; x_wconf 87' lang='lat' dir='ltr'><strong>indolem</strong></span> <span class='ocrx_word' id='word_1_50' title='bbox 711 1338 768 1395; x_wconf 84' lang='lat' dir='ltr'><strong>etc</strong></span> <span class='ocrx_word' id='word_1_51' title='bbox 792 1329 901 1413; x_wconf 90' lang='lat' dir='ltr'><strong>paucis</strong></span> <span class='ocrx_word' id='word_1_52' title='bbox 923 1325 1030 1392; x_wconf 88' lang='lat' dir='ltr'><strong>verbis</strong></span> <span class='ocrx_word' id='word_1_53' title='bbox 1053 1315 1196 1414; x_wconf 81' lang='lat' dir='ltr'><strong>tetigeril</strong></span> <span class='ocrx_word' id='word_1_54' title='bbox 1248 1329 1297 1394; x_wconf 85' lang='lat' dir='ltr'><strong>Ex</strong></span> <span class='ocrx_word' id='word_1_55' title='bbox 1320 1325 1418 1392; x_wconf 80' lang='lat' dir='ltr'><strong>diver-</strong></span> 
     </span>
     <span class='ocr_line' id='line_1_9' title="bbox 462 1439 1421 1528; baseline -0.001 -22"><span class='ocrx_word' id='word_1_56' title='bbox 462 1443 520 1519; x_wconf 91' lang='lat' dir='ltr'><strong>sis,</strong></span> <span class='ocrx_word' id='word_1_57' title='bbox 550 1463 632 1528; x_wconf 86' lang='lat' dir='ltr'><strong>quae</strong></span> <span class='ocrx_word' id='word_1_58' title='bbox 661 1441 724 1506; x_wconf 88' lang='lat' dir='ltr'><strong>huc</strong></span> <span class='ocrx_word' id='word_1_59' title='bbox 751 1461 866 1526; x_wconf 90' lang='lat' dir='ltr'><strong>usque·</strong></span> <span class='ocrx_word' id='word_1_60' title='bbox 883 1439 1056 1518; x_wconf 84' lang='lat' dir='ltr'><strong>attulimus,</strong></span> <span class='ocrx_word' id='word_1_61' title='bbox 1087 1443 1272 1506; x_wconf 89' lang='lat' dir='ltr'><strong>testimoniis</strong></span> <span class='ocrx_word' id='word_1_62' title='bbox 1301 1451 1421 1505; x_wconf 91' lang='lat' dir='ltr'><strong>tantum</strong></span> 
     </span>
     <span class='ocr_line' id='line_1_10' title="bbox 465 1551 1422 1632; baseline 0 -14"><span class='ocrx_word' id='word_1_63' title='bbox 465 1551 615 1632; x_wconf 87' lang='lat' dir='ltr'><strong>efficitur,</strong></span> <span class='ocrx_word' id='word_1_64' title='bbox 649 1551 848 1618; x_wconf 87' lang='lat' dir='ltr'><strong>Graecorum</strong></span> <span class='ocrx_word' id='word_1_65' title='bbox 882 1554 1094 1630; x_wconf 86' lang='lat' dir='ltr'><strong>narrationes,</strong></span> <span class='ocrx_word' id='word_1_66' title='bbox 1127 1551 1267 1618; x_wconf 83' lang='lat' dir='ltr'><strong>Diodori</strong></span> <span class='ocrx_word' id='word_1_67' title='bbox 1293 1553 1422 1630; x_wconf 87' lang='lat' dir='ltr'><strong>scilicet,</strong></span> 
     </span>
     <span class='ocr_line' id='line_1_11' title="bbox 465 1664 1424 1744; baseline -0.004 -12"><span class='ocrx_word' id='word_1_68' title='bbox 465 1665 640 1744; x_wconf 83' lang='lat' dir='ltr'><strong>Strabonis,</strong></span> <span class='ocrx_word' id='word_1_69' title='bbox 662 1664 816 1744; x_wconf 85' lang='lat' dir='ltr'><strong>Aristidis,</strong></span> <span class='ocrx_word' id='word_1_70' title='bbox 837 1664 923 1731; x_wconf 84' lang='lat' dir='ltr'><strong>bene</strong></span> <span class='ocrx_word' id='word_1_71' title='bbox 944 1667 1029 1730; x_wconf 91' lang='lat' dir='ltr'><strong>inter</strong></span> <span class='ocrx_word' id='word_1_72' title='bbox 1049 1687 1084 1729; x_wconf 89' lang='lat' dir='ltr'><strong>se</strong></span> <span class='ocrx_word' id='word_1_73' title='bbox 1100 1667 1284 1741; x_wconf 89' lang='lat' dir='ltr'><strong>convenire;</strong></span> <span class='ocrx_word' id='word_1_74' title='bbox 1307 1664 1424 1730; x_wconf 79' lang='lat' dir='ltr'><strong>disere</strong></span> 
     </span>
     <span class='ocr_line' id='line_1_12' title="bbox 464 1777 1477 1867; baseline -0.002 -23"><span class='ocrx_word' id='word_1_75' title='bbox 464 1789 682 1867; x_wconf 65' lang='lat' dir='ltr'><strong>pare0autem</strong></span> <span class='ocrx_word' id='word_1_76' title='bbox 718 1789 750 1843; x_wconf 90' lang='lat' dir='ltr'><strong>et</strong></span> <span class='ocrx_word' id='word_1_77' title='bbox 784 1799 889 1844; x_wconf 86' lang='lat' dir='ltr'><strong>errare</strong></span> <span class='ocrx_word' id='word_1_78' title='bbox 917 1780 1080 1842; x_wconf 82' lang='lat' dir='ltr'><strong>maximam</strong></span> <span class='ocrx_word' id='word_1_79' title='bbox 1107 1788 1229 1865; x_wconf 89' lang='lat' dir='ltr'><strong>partem</strong></span> <span class='ocrx_word' id='word_1_80' title='bbox 1257 1777 1422 1844; x_wconf 86' lang='lat' dir='ltr'><strong>Romanos</strong></span> <span class='ocrx_word' id='word_1_81' title='bbox 1476 1829 1477 1842; x_wconf 67' lang='grc'>,</span> 
     </span>
     <span class='ocr_line' id='line_1_13' title="bbox 466 1888 1423 1980; baseline -0.003 -23"><span class='ocrx_word' id='word_1_82' title='bbox 466 1893 652 1980; x_wconf 86' lang='lat' dir='ltr'><strong>scriptores,</strong></span> <span class='ocrx_word' id='word_1_83' title='bbox 675 1890 829 1956; x_wconf 85' lang='lat' dir='ltr'><strong>Senecam</strong></span> <span class='ocrx_word' id='word_1_84' title='bbox 853 1902 885 1955; x_wconf 92' lang='lat' dir='ltr'><strong>et</strong></span> <span class='ocrx_word' id='word_1_85' title='bbox 906 1890 1050 1954; x_wconf 90' lang='lat' dir='ltr'><strong>Plinium.</strong></span> <span class='ocrx_word' id='word_1_86' title='bbox 1102 1888 1243 1956; x_wconf 76' lang='lat' dir='ltr'><strong>Arabum</strong></span> <span class='ocrx_word' id='word_1_87' title='bbox 1264 1893 1423 1978; x_wconf 89' lang='lat' dir='ltr'><strong>scriptori-</strong></span> 
     </span>
     <span class='ocr_line' id='line_1_14' title="bbox 466 1999 1424 2091; baseline -0.003 -21"><span class='ocrx_word' id='word_1_88' title='bbox 466 2003 526 2070; x_wconf 90' lang='lat' dir='ltr'><strong>bus</strong></span> <span class='ocrx_word' id='word_1_89' title='bbox 547 2007 582 2068; x_wconf 94' lang='lat' dir='ltr'><strong>in</strong></span> <span class='ocrx_word' id='word_1_90' title='bbox 603 2004 642 2067; x_wconf 89' lang='lat' dir='ltr'><strong>iis</strong></span> <span class='ocrx_word' id='word_1_91' title='bbox 664 2012 784 2066; x_wconf 86' lang='lat' dir='ltr'><strong>tantum</strong></span> <span class='ocrx_word' id='word_1_92' title='bbox 805 1999 889 2068; x_wconf 86' lang='lat' dir='ltr'><strong>fides</strong></span> <span class='ocrx_word' id='word_1_93' title='bbox 911 2001 1059 2068; x_wconf 88' lang='lat' dir='ltr'><strong>habenda</strong></span> <span class='ocrx_word' id='word_1_94' title='bbox 1082 2014 1138 2082; x_wconf 89' lang='lat' dir='ltr'><strong>est,</strong></span> <span class='ocrx_word' id='word_1_95' title='bbox 1160 2025 1242 2091; x_wconf 88' lang='lat' dir='ltr'><strong>quae</strong></span> <span class='ocrx_word' id='word_1_96' title='bbox 1259 2005 1321 2089; x_wconf 88' lang='lat' dir='ltr'><strong>ipsi</strong></span> <span class='ocrx_word' id='word_1_97' title='bbox 1334 2024 1424 2090; x_wconf 89' lang='lat' dir='ltr'><strong>prae·</strong></span> 
     </span>
     <span class='ocr_line' id='line_1_15' title="bbox 466 2113 1425 2184; baseline -0.005 -3"><span class='ocrx_word' id='word_1_98' title='bbox 466 2126 572 2184; x_wconf 88' lang='lat' dir='ltr'><strong>sentes</strong></span> <span class='ocrx_word' id='word_1_99' title='bbox 606 2114 761 2181; x_wconf 79' lang='lat' dir='ltr'><strong>videnrnt</strong></span> <span class='ocrx_word' id='word_1_100' title='bbox 818 2114 1050 2182; x_wconf 86' lang='lat' dir='ltr'><strong>lbn-Batutam</strong></span> <span class='ocrx_word' id='word_1_101' title='bbox 1077 2118 1230 2184; x_wconf 84' lang='lat' dir='ltr'><strong>viatorem</strong></span> <span class='ocrx_word' id='word_1_102' title='bbox 1258 2113 1425 2181; x_wconf 87' lang='lat' dir='ltr'><strong>solertissi-</strong></span> 
     </span>
     <span class='ocr_line' id='line_1_16' title="bbox 441 2225 1426 2316; baseline -0.004 -21"><span class='ocrx_word' id='word_1_103' title='bbox 441 2237 551 2296; x_wconf 90' lang='lat' dir='ltr'><strong>&#39;mum</strong></span> <span class='ocrx_word' id='word_1_104' title='bbox 587 2227 658 2295; x_wconf 85' lang='lat' dir='ltr'><strong>illas</strong></span> <span class='ocrx_word' id='word_1_105' title='bbox 691 2231 838 2316; x_wconf 81' lang='lat' dir='ltr'><strong>regiones</strong></span> <span class='ocrx_word' id='word_1_106' title='bbox 871 2251 950 2294; x_wconf 89' lang='lat' dir='ltr'><strong>non·</strong></span> <span class='ocrx_word' id='word_1_107' title='bbox 972 2227 1101 2308; x_wconf 88' lang='lat' dir='ltr'><strong>adiisse,</strong></span> <span class='ocrx_word' id='word_1_108' title='bbox 1133 2247 1334 2314; x_wconf 89' lang='lat' dir='ltr'><strong>summopere</strong></span> <span class='ocrx_word' id='word_1_109' title='bbox 1367 2225 1426 2291; x_wconf 94' lang='lat' dir='ltr'><strong>do·</strong></span> 
     </span>
     <span class='ocr_line' id='line_1_17' title="bbox 468 2341 578 2408; baseline -0.009 -1"><span class='ocrx_word' id='word_1_110' title='bbox 468 2341 578 2408; x_wconf 74' lang='lat' dir='ltr'><strong>lemeis.</strong></span> 
     </span>
     <span class='ocr_line' id='line_1_18' title="bbox 275 2451 1427 2542; baseline -0.01 -15"><span class='ocrx_word' id='word_1_111' title='bbox 275 2455 316 2541; x_wconf 53' lang='grc' dir='ltr'><strong>Ρ(</strong></span> <span class='ocrx_word' id='word_1_112' title='bbox 331 2457 441 2542; x_wconf 71' lang='lat' dir='ltr'><strong>papeia</strong></span> <span class='ocrx_word' id='word_1_113' title='bbox 535 2453 589 2520; x_wconf 86' lang='lat' dir='ltr'><strong>De</strong></span> <span class='ocrx_word' id='word_1_114' title='bbox 617 2453 761 2542; x_wconf 89' lang='lat' dir='ltr'><strong>populis,</strong></span> <span class='ocrx_word' id='word_1_115' title='bbox 790 2456 845 2541; x_wconf 87' lang='lat' dir='ltr'><strong>qui</strong></span> <span class='ocrx_word' id='word_1_116' title='bbox 866 2453 1005 2542; x_wconf 83' lang='lat' dir='ltr'><strong>Aegypti</strong></span> <span class='ocrx_word' id='word_1_117' title='bbox 1034 2451 1173 2519; x_wconf 83' lang='lat' dir='ltr'><strong>confinia</strong></span> <span class='ocrx_word' id='word_1_118' title='bbox 1196 2451 1326 2517; x_wconf 87' lang='lat' dir='ltr'><strong>diversis</strong></span> <span class='ocrx_word' id='word_1_119' title='bbox 1347 2461 1427 2541; x_wconf 83' lang='lat' dir='ltr'><strong>tem-</strong></span> 
     </span>
     <span class='ocr_line' id='line_1_19' title="bbox 255 2527 1426 2668; baseline -0.006 -34"><span class='ocrx_word' id='word_1_120' title='bbox 255 2527 459 2668; x_wconf 55' lang='lat' dir='ltr'><strong>,iugftiffffssf;,</strong></span> <span class='ocrx_word' id='word_1_121' title='bbox 469 2566 602 2656; x_wconf 84' lang='lat' dir='ltr'><strong>poribus</strong></span> <span class='ocrx_word' id='word_1_122' title='bbox 624 2577 803 2645; x_wconf 83' lang='lat' dir='ltr'><strong>tenuerunt,</strong></span> <span class='ocrx_word' id='word_1_123' title='bbox 829 2587 872 2632; x_wconf 90' lang='lat' dir='ltr'><strong>ne</strong></span> <span class='ocrx_word' id='word_1_124' title='bbox 894 2588 1028 2633; x_wconf 85' lang='lat' dir='ltr'><strong>summas</strong></span> <span class='ocrx_word' id='word_1_125' title='bbox 1051 2565 1178 2652; x_wconf 91' lang='lat' dir='ltr'><strong>quidem</strong></span> <span class='ocrx_word' id='word_1_126' title='bbox 1199 2587 1251 2630; x_wconf 91' lang='lat' dir='ltr'><strong>res</strong></span> <span class='ocrx_word' id='word_1_127' title='bbox 1274 2567 1426 2651; x_wconf 88' lang='lat' dir='ltr'><strong>attingere</strong></span> 
     </span>
     <span class='ocr_line' id='line_1_20' title="bbox 290 2669 1428 2768; baseline -0.004 -24"><span class='ocrx_word' id='word_1_128' title='bbox 290 2669 424 2744; x_wconf 59' lang='lat' dir='ltr'><strong>⁶⁰²⁸fi&#39;12&#39;5&#39;·</strong></span> <span class='ocrx_word' id='word_1_129' title='bbox 470 2701 654 2768; x_wconf 80' lang='lat' dir='ltr'><strong>possumus3</strong></span> <span class='ocrx_word' id='word_1_130' title='bbox 688 2701 771 2765; x_wconf 89' lang='lat' dir='ltr'><strong>quae</strong></span> <span class='ocrx_word' id='word_1_131' title='bbox 802 2678 847 2746; x_wconf 87' lang='lat' dir='ltr'><strong>de</strong></span> <span class='ocrx_word' id='word_1_132' title='bbox 875 2677 1017 2744; x_wconf 88' lang='lat' dir='ltr'><strong>moribus</strong></span> <span class='ocrx_word' id='word_1_133' title='bbox 1047 2689 1079 2744; x_wconf 92' lang='lat' dir='ltr'><strong>et</strong></span> <span class='ocrx_word' id='word_1_134' title='bbox 1106 2677 1215 2744; x_wconf 92' lang='lat' dir='ltr'><strong>indole</strong></span> <span class='ocrx_word' id='word_1_135' title='bbox 1246 2699 1356 2743; x_wconf 88' lang='lat' dir='ltr'><strong>eorum</strong></span> <span class='ocrx_word' id='word_1_136' title='bbox 1385 2674 1428 2740; x_wconf 89' lang='lat' dir='ltr'><strong>ad</strong></span> 
     </span>
     <span class='ocr_line' id='line_1_21' title="bbox 469 2787 1429 2880; baseline -0.006 -23"><span class='ocrx_word' id='word_1_137' title='bbox 469 2813 530 2857; x_wconf 90' lang='lat' dir='ltr'><strong>nos</strong></span> <span class='ocrx_word' id='word_1_138' title='bbox 553 2802 781 2880; x_wconf 88' lang='lat' dir='ltr'><strong>pervenerunt,</strong></span> <span class='ocrx_word' id='word_1_139' title='bbox 810 2813 920 2876; x_wconf 88' lang='lat' dir='ltr'><strong>sparsa</strong></span> <span class='ocrx_word' id='word_1_140' title='bbox 949 2801 980 2856; x_wconf 91' lang='lat' dir='ltr'><strong>et</strong></span> <span class='ocrx_word' id='word_1_141' title='bbox 1001 2790 1160 2876; x_wconf 70' lang='lat' dir='ltr'><strong>&#39;dissipata</strong></span> <span class='ocrx_word' id='word_1_142' title='bbox 1188 2801 1275 2866; x_wconf 90' lang='lat' dir='ltr'><strong>sunt;</strong></span> <span class='ocrx_word' id='word_1_143' title='bbox 1306 2788 1346 2854; x_wconf 92' lang='lat' dir='ltr'><strong>de</strong></span> <span class='ocrx_word' id='word_1_144' title='bbox 1369 2787 1429 2852; x_wconf 91' lang='lat' dir='ltr'><strong>lin-</strong></span> 
     </span>
     <span class='ocr_line' id='line_1_22' title="bbox 470 2902 1429 2992; baseline -0.005 -24"><span class='ocrx_word' id='word_1_145' title='bbox 470 2926 529 2992; x_wconf 89' lang='lat' dir='ltr'><strong>gna</strong></span> <span class='ocrx_word' id='word_1_146' title='bbox 553 2903 649 2989; x_wconf 89' lang='lat' dir='ltr'><strong>plane</strong></span> <span class='ocrx_word' id='word_1_147' title='bbox 671 2902 749 2968; x_wconf 87' lang='lat' dir='ltr'><strong>nihil</strong></span> <span class='ocrx_word' id='word_1_148' title='bbox 772 2913 904 2969; x_wconf 87' lang='lat' dir='ltr'><strong>constat.</strong></span> <span class='ocrx_word' id='word_1_149' title='bbox 954 2904 1179 2989; x_wconf 86' lang='lat' dir='ltr'><strong>Antiquissima</strong></span> <span class='ocrx_word' id='word_1_150' title='bbox 1201 2911 1303 2968; x_wconf 83' lang='lat' dir='ltr'><strong>aetate</strong></span> <span class='ocrx_word' id='word_1_151' title='bbox 1333 2921 1429 2966; x_wconf 85' lang='lat' dir='ltr'><strong>eun-</strong></span> 
     </span>
     <span class='ocr_line' id='line_1_23' title="bbox 471 3013 1430 3103; baseline -0.005 -21"><span class='ocrx_word' id='word_1_152' title='bbox 471 3015 557 3082; x_wconf 90' lang='lat' dir='ltr'><strong>dem</strong></span> <span class='ocrx_word' id='word_1_153' title='bbox 590 3014 746 3103; x_wconf 92' lang='lat' dir='ltr'><strong>populum</strong></span> <span class='ocrx_word' id='word_1_154' title='bbox 783 3051 823 3066; x_wconf 90' lang='grc'><strong>-</strong></span> <span class='ocrx_word' id='word_1_155' title='bbox 856 3013 995 3080; x_wconf 90' lang='lat' dir='ltr'><strong>dicamus</strong></span> <span class='ocrx_word' id='word_1_156' title='bbox 1022 3015 1252 3102; x_wconf 84' lang='lat' dir='ltr'><strong>Aegyptiacum</strong></span> <span class='ocrx_word' id='word_1_157' title='bbox 1286 3047 1331 3064; x_wconf 90' lang='lat'><strong>·-</strong></span> <span class='ocrx_word' id='word_1_158' title='bbox 1360 3013 1430 3078; x_wconf 87' lang='lat' dir='ltr'><strong>Nili</strong></span> 
     </span>
     <span class='ocr_line' id='line_1_24' title="bbox 472 3126 1476 3220; baseline -0.002 -28"><span class='ocrx_word' id='word_1_159' title='bbox 472 3131 556 3214; x_wconf 89' lang='lat' dir='ltr'><strong>ripas</strong></span> <span class='ocrx_word' id='word_1_160' title='bbox 583 3127 659 3193; x_wconf 92' lang='lat' dir='ltr'><strong>inde</strong></span> <span class='ocrx_word' id='word_1_161' title='bbox 688 3128 844 3194; x_wconf 69' lang='lat' dir='ltr'><strong>aMeroi</strong></span> <span class='ocrx_word' id='word_1_162' title='bbox 865 3126 968 3192; x_wconf 73' lang='lat' dir='ltr'><strong>ursula</strong></span> <span class='ocrx_word' id='word_1_163' title='bbox 990 3149 1093 3215; x_wconf 91' lang='lat' dir='ltr'><strong>usque</strong></span> <span class='ocrx_word' id='word_1_164' title='bbox 1116 3127 1157 3194; x_wconf 91' lang='lat' dir='ltr'><strong>ad</strong></span> <span class='ocrx_word' id='word_1_165' title='bbox 1179 3129 1361 3220; x_wconf 80' lang='lat' dir='ltr'><strong>Aegyptum</strong></span> <span class='ocrx_word' id='word_1_166' title='bbox 1382 3127 1428 3190; x_wconf 93' lang='lat' dir='ltr'><strong>in-</strong></span> <span class='ocrx_word' id='word_1_167' title='bbox 1475 3175 1476 3180; x_wconf 18' lang='grc' dir='ltr'>η</span> 
     </span>
     <span class='ocr_line' id='line_1_25' title="bbox 473 3240 1432 3328; baseline -0.001 -25"><span class='ocrx_word' id='word_1_168' title='bbox 473 3240 623 3306; x_wconf 86' lang='lat' dir='ltr'><strong>seriorem</strong></span> <span class='ocrx_word' id='word_1_169' title='bbox 650 3262 840 3327; x_wconf 86' lang='lat' dir='ltr'><strong>occupasse,</strong></span> <span class='ocrx_word' id='word_1_170' title='bbox 875 3263 893 3306; x_wconf 90' lang='lat' dir='ltr'><strong>e</strong></span> <span class='ocrx_word' id='word_1_171' title='bbox 921 3252 1198 3312; x_wconf 88' lang='lat' dir='ltr'><strong>monumentorum</strong></span> <span class='ocrx_word' id='word_1_172' title='bbox 1226 3241 1432 3328; x_wconf 80' lang='lat' dir='ltr'><strong>congruentia</strong></span> 
     </span>
     <span class='ocr_line' id='line_1_26' title="bbox 474 3353 1424 3440; baseline -0.004 -22"><span class='ocrx_word' id='word_1_173' title='bbox 474 3364 620 3440; x_wconf 81' lang='lat' dir='ltr'><strong>apparet3</strong></span> <span class='ocrx_word' id='word_1_174' title='bbox 642 3357 822 3439; x_wconf 89' lang='lat' dir='ltr'><strong>posteriore</strong></span> <span class='ocrx_word' id='word_1_175' title='bbox 844 3364 997 3439; x_wconf 89' lang='lat' dir='ltr'><strong>tempore,</strong></span> <span class='ocrx_word' id='word_1_176' title='bbox 1020 3353 1134 3422; x_wconf 87' lang='lat' dir='ltr'><strong>tabulis</strong></span> <span class='ocrx_word' id='word_1_177' title='bbox 1151 3365 1182 3420; x_wconf 90' lang='lat' dir='ltr'><strong>et</strong></span> <span class='ocrx_word' id='word_1_178' title='bbox 1192 3353 1357 3420; x_wconf 84' lang='lat' dir='ltr'><strong>annalibus</strong></span> <span class='ocrx_word' id='word_1_179' title='bbox 1368 3369 1424 3413; x_wconf 87' lang='lat' dir='ltr'><strong>no-</strong></span> 
     </span>
     <span class='ocr_line' id='line_1_27' title="bbox 443 3465 1430 3555; baseline -0.002 -25"><span class='ocrx_word' id='word_1_180' title='bbox 443 3539 448 3546; x_wconf 35' lang='lat'><strong>,</strong></span> <span class='ocrx_word' id='word_1_181' title='bbox 473 3468 544 3532; x_wconf 89' lang='lat' dir='ltr'><strong>stris</strong></span> <span class='ocrx_word' id='word_1_182' title='bbox 572 3465 670 3554; x_wconf 89' lang='lat' dir='ltr'><strong>longe</strong></span> <span class='ocrx_word' id='word_1_183' title='bbox 691 3470 871 3555; x_wconf 88' lang='lat' dir='ltr'><strong>superiore,</strong></span> <span class='ocrx_word' id='word_1_184' title='bbox 901 3466 963 3533; x_wconf 86' lang='lat' dir='ltr'><strong>alia</strong></span> <span class='ocrx_word' id='word_1_185' title='bbox 985 3471 1092 3555; x_wconf 86' lang='lat' dir='ltr'><strong>stirps,</strong></span> <span class='ocrx_word' id='word_1_186' title='bbox 1121 3465 1324 3552; x_wconf 85' lang='lat' dir='ltr'><strong>Aethiopica,</strong></span> <span class='ocrx_word' id='word_1_187' title='bbox 1349 3465 1430 3526; x_wconf 79' lang='lat' dir='ltr'><strong>iute-</strong></span> 
     </span>
     <span class='ocr_line' id='line_1_28' title="bbox 474 3571 1434 3668; baseline -0.006 -24"><span class='ocrx_word' id='word_1_188' title='bbox 474 3582 559 3645; x_wconf 83' lang='lat' dir='ltr'><strong>riore</strong></span> <span class='ocrx_word' id='word_1_189' title='bbox 590 3591 693 3646; x_wconf 87' lang='lat' dir='ltr'><strong>terrae</strong></span> <span class='ocrx_word' id='word_1_190' title='bbox 721 3603 824 3668; x_wconf 86' lang='lat' dir='ltr'><strong>usque</strong></span> <span class='ocrx_word' id='word_1_191' title='bbox 850 3579 891 3646; x_wconf 89' lang='lat' dir='ltr'><strong>ad</strong></span> <span class='ocrx_word' id='word_1_192' title='bbox 920 3589 1106 3644; x_wconf 85' lang='lat' dir='ltr'><strong>cataractam</strong></span> <span class='ocrx_word' id='word_1_193' title='bbox 1128 3577 1325 3659; x_wconf 87' lang='lat' dir='ltr'><strong>Syenensem</strong></span> <span class='ocrx_word' id='word_1_194' title='bbox 1349 3571 1434 3638; x_wconf 86' lang='lat' dir='ltr'><strong>obti-</strong></span> 
     </span>
    </p>
   </div>
   <div class='ocr_carea' id='block_1_3' title="bbox 420 3677 1475 4118">
    <p class='ocr_par' dir='ltr' id='par_1_3' title="bbox 420 3677 1433 3891">
     <span class='ocr_line' id='line_1_29' title="bbox 474 3677 1433 3778; baseline -0.009 -21"><span class='ocrx_word' id='word_1_195' title='bbox 474 3695 551 3757; x_wconf 90' lang='lat' dir='ltr'><strong>nuit.</strong></span> <span class='ocrx_word' id='word_1_196' title='bbox 609 3693 658 3757; x_wconf 89' lang='lat' dir='ltr'><strong>Ex</strong></span> <span class='ocrx_word' id='word_1_197' title='bbox 694 3715 758 3778; x_wconf 89' lang='lat' dir='ltr'><strong>qua</strong></span> <span class='ocrx_word' id='word_1_198' title='bbox 786 3703 888 3757; x_wconf 89' lang='lat' dir='ltr'><strong>aetate</strong></span> <span class='ocrx_word' id='word_1_199' title='bbox 917 3701 1002 3754; x_wconf 93' lang='lat' dir='ltr'><strong>certa</strong></span> <span class='ocrx_word' id='word_1_200' title='bbox 1030 3706 1133 3750; x_wconf 88' lang='lat' dir='ltr'><strong>rerum</strong></span> <span class='ocrx_word' id='word_1_201' title='bbox 1161 3683 1273 3746; x_wconf 89' lang='lat' dir='ltr'><strong>notitia</strong></span> <span class='ocrx_word' id='word_1_202' title='bbox 1302 3677 1343 3744; x_wconf 91' lang='lat' dir='ltr'><strong>ad</strong></span> <span class='ocrx_word' id='word_1_203' title='bbox 1369 3703 1433 3748; x_wconf 93' lang='lat' dir='ltr'><strong>nos</strong></span> 
     </span>
     <span class='ocr_line' id='line_1_30' title="bbox 420 3794 1432 3891; baseline -0.013 -20"><span class='ocrx_word' id='word_1_204' title='bbox 420 3862 424 3872; x_wconf 90' lang='lat'>.</span> <span class='ocrx_word' id='word_1_205' title='bbox 476 3806 629 3891; x_wconf 85' lang='lat' dir='ltr'><strong>pervenit,</strong></span> <span class='ocrx_word' id='word_1_206' title='bbox 651 3805 882 3888; x_wconf 85' lang='lat' dir='ltr'><strong>Aegyptiorum</strong></span> <span class='ocrx_word' id='word_1_207' title='bbox 905 3810 936 3863; x_wconf 92' lang='lat' dir='ltr'><strong>et</strong></span> <span class='ocrx_word' id='word_1_208' title='bbox 957 3799 1149 3881; x_wconf 89' lang='lat' dir='ltr'><strong>Aethiopum</strong></span> <span class='ocrx_word' id='word_1_209' title='bbox 1171 3794 1345 3879; x_wconf 81' lang='lat' dir='ltr'><strong>segregatio</strong></span> <span class='ocrx_word' id='word_1_210' title='bbox 1367 3795 1432 3879; x_wconf 82' lang='lat' dir='ltr'><strong>jam</strong></span> 
     </span>
    </p>

    <p class='ocr_par' dir='ltr' id='par_1_4' title="bbox 476 3903 1432 3995">
     <span class='ocr_line' id='line_1_31' title="bbox 476 3903 1432 3995; baseline -0.009 -16"><span class='ocrx_word' id='word_1_211' title='bbox 476 3915 558 3980; x_wconf 87' lang='lat' dir='ltr'><strong>iacta</strong></span> <span class='ocrx_word' id='word_1_212' title='bbox 592 3923 648 3978; x_wconf 88' lang='lat' dir='ltr'><strong>est.</strong></span> <span class='ocrx_word' id='word_1_213' title='bbox 701 3911 886 3975; x_wconf 86' lang='lat' dir='ltr'><strong>Herodotus</strong></span> <span class='ocrx_word' id='word_1_214' title='bbox 901 3955 905 3964; x_wconf 82' lang='grc'><em>.</em></span> <span class='ocrx_word' id='word_1_215' title='bbox 920 3910 1081 3995; x_wconf 81' lang='lat' dir='ltr'><strong>ceterique</strong></span> <span class='ocrx_word' id='word_1_216' title='bbox 1114 3907 1285 3994; x_wconf 87' lang='lat' dir='ltr'><strong>scriptores</strong></span> <span class='ocrx_word' id='word_1_217' title='bbox 1313 3903 1432 3971; x_wconf 85' lang='lat' dir='ltr'><strong>Graeci</strong></span> 
     </span>
    </p>

    <p class='ocr_par' dir='ltr' id='par_1_5' title="bbox 476 4016 1475 4118">
     <span class='ocr_line' id='line_1_32' title="bbox 476 4016 1475 4118; baseline -0.004 -31"><span class='ocrx_word' id='word_1_218' title='bbox 476 4025 615 4112; x_wconf 86' lang='lat' dir='ltr'><strong>populos</strong></span> <span class='ocrx_word' id='word_1_219' title='bbox 655 4033 746 4088; x_wconf 85' lang='lat' dir='ltr'><strong>acute</strong></span> <span class='ocrx_word' id='word_1_220' title='bbox 785 4020 974 4088; x_wconf 78' lang='lat' dir='ltr'><strong>discerntmt.</strong></span> <span class='ocrx_word' id='word_1_221' title='bbox 1043 4021 1159 4088; x_wconf 90' lang='lat' dir='ltr'><strong>Postea</strong></span> <span class='ocrx_word' id='word_1_222' title='bbox 1196 4016 1361 4085; x_wconf 84' lang='lat' dir='ltr'><strong>Nubamm</strong></span> <span class='ocrx_word' id='word_1_223' title='bbox 1399 4031 1431 4084; x_wconf 92' lang='lat' dir='ltr'><strong>et</strong></span> <span class='ocrx_word' id='word_1_224' title='bbox 1473 4041 1475 4118; x_wconf 58' lang='lat' dir='ltr'><strong>p</strong></span> 
     </span>
    </p>
   </div>
   <div class='ocr_carea' id='block_1_4' title="bbox 0 0 1528 4908">
    <p class='ocr_par' dir='ltr' id='par_1_6' title="bbox 0 0 1528 4908">
     <span class='ocr_line' id='line_1_33' title="bbox 0 0 1528 4908; baseline 0 0"><span class='ocrx_word' id='word_1_225' title='bbox 0 0 1528 4908; x_wconf 95' lang='lat' dir='ltr'><strong> </strong></span> 
     </span>
    </p>
   </div>
  </div>
 </body>
</html>
