3000 4908
883 467 1048 574 :sa

11 649 12 660 ¹
86 641 279 708 Differentia
313 642 362 705 IV
396 639 527 704 millium
561 663 644 727 pass.
674 643 785 728 partim
812 645 847 706 in
874 640 1045 709 latentibus
1093 655 1169 714 Paas
1187 657 1220 714 11.

85 756 244 823 librorum
275 755 373 830 vitiis,
407 755 520 840 partim
548 756 581 818 in
608 755 683 840 ipsis
711 756 879 831 mensuris,
913 759 1044 820 maxime

86 881 203 948 autem,
225 878 260 932 ut
274 864 368 930 nobis
384 863 517 944 videtur,
539 869 572 930 in
588 867 723 930 fluminis
738 864 871 930 flexibus
888 879 935 932 est
950 891 1048 954 quae-

85 981 197 1047 renda.
243 966 398 1064 Napatam
420 980 519 1062 ipsam
540 1000 600 1064 per
621 1001 751 1065 parvum
774 978 871 1044 modo
895 984 1045 1066 temporis

86 1097 224 1182 spatium
254 1115 273 1157 a
294 1091 446 1153 Romanis
476 1101 661 1177 occupatam
684 1091 780 1154 fuisse
803 1095 924 1156 monuit
945 1094 1046 1157 Ritte-

86 1229 143 1272 rus
166 1203 187 1269 l.
212 1204 232 1268 l.
276 1201 426 1268 Ceterum
448 1201 582 1288 Napata,
606 1225 708 1290 aeque
732 1226 769 1268 ac
790 1204 900 1268 Primis
921 1207 955 1269 in
977 1207 1046 1292 ripa

88 1317 238 1384 orientali
267 1312 486 1383 constituenda
516 1325 577 1394 est,
607 1315 749 1401 alioquin
771 1315 888 1381 Strabo
910 1317 1045 1382 fluminis

91 1433 254 1516 trajectum
278 1438 565 1503 commemorasset;
594 1438 698 1490 utrum
720 1437 824 1492 autem
845 1427 973 1512 Napata
996 1451 1046 1494 ca-

86 1542 217 1608 stellum
239 1541 348 1618 fuerit,
371 1537 459 1626 quod
480 1560 567 1603 nunc
590 1551 638 1604 est
660 1539 701 1604 ad
722 1539 972 1618 Kalat-Addeh,
996 1544 1047 1605 cui

85 1653 202 1721 tumuli
227 1653 317 1718 multi
346 1653 580 1737 circumjacent,
610 1673 650 1716 an
680 1651 766 1716 aliud
789 1673 939 1716 cacumen
959 1653 1045 1717 illius

86 1769 243 1831 montium
275 1775 407 1842 tractum
447 1767 501 1848 qui
532 1764 693 1829 meridiem
726 1787 837 1828 versus
870 1787 971 1850 usquc
1005 1763 1047 1830 ad

87 1878 221 1942 Wadi·
234 1878 358 1942 Semam
401 1880 584 1963 poriigitur,
627 1879 660 1940 in
705 1879 826 1942 incerto
870 1888 917 1942 est
952 1863 1047 1943 reliit·
1104 1873 1106 1877 ’

91 1988 261 2076 quendum.
432 2071 436 2080 Κ

158 2102 265 2168 Minus
293 2105 458 2187 perspicua
483 2113 529 2166 est
551 2101 721 2188 descriptio
750 2102 978 2190 Olympiodori
999 2104 1044 2187 ἢ,
1071 2125 1241 2196 Olympiodo-

89 2212 211 2278 Thebis
227 2214 431 2300 Aegyptiacis
455 2214 587 2293 0riundi,
612 2217 751 2301 quamvis
774 2219 842 2301 ipse
865 2215 939 2282 loca
961 2216 1045 2283 adie-
1126 2214 1180 2251 ’ω’

11 2333 13 2368 ⁵
87 2329 129 2391 rit
152 2362 194 2374 -
216 2326 273 2389 καὶ
296 2315 421 2410 ἔλαβόν
441 2329 490 2408 μέ,
513 2345 604 2414 φησι,
626 2329 738 2414 μέχρις
759 2323 863 2407 αὐτῆς
877 2329 936 2409 τῆς
957 2324 1048 2409 Tit-p

55 2421 58 2426 Δ
86 2461 189 2523 μεως,
218 2432 295 2514 aiace
321 2436 498 2514 κάκείνους*
518 2431 595 2513 τοὺς
611 2432 739 2525 χώρους
760 2441 949 2532 ἱστορῆσαι,
980 2442 1045 2506 διέ-

83 2570 206 2634 χοντος
235 2543 301 2614 ἀπὸ
334 2550 401 2614 τῶν
434 2549 546 2615 ψιλῶν
579 2544 746 2634 διάστημα
779 2547 909 2639 ἡμερῶν
940 2557 1045 2632 πέντε,

86 2665 183 2748 μέχρι
209 2657 334 2739 πόλεως
361 2662 420 2742 τῆς
448 2663 627 2746 λεγομένης
654 2663 789 2747 Πρίμοι,
820 2656 892 2740 ἥτις
919 2658 958 2730 λὰ
979 2687 1045 2730 ποι-

88 2766 186 2838 λωιὸν
213 2767 325 2859 πρώτη
347 2769 442 2849 πόλις
464 2774 524 2852 τῆς
550 2772 719 2857 Θηβαΐδος
742 2765 809 2837 ἀπὸ
831 2777 892 2839 τοῦ
912 2777 1045 2865 βαρβα-

88 2885 184 2973 ρικοῦ
211 2879 413 2969 διετύγχοινε·
443 2879 494 2949 διὸ
517 2880 609 2973 παρὰ
631 2886 697 2950 τῶν
719 2882 889 2970 Ῥωμαίων
910 2890 1045 2975 ῥωμαλη

91 2997 186 3085 φωνῇ
207 2998 322 3085 πρίμοι,
344 2988 419 3076 ἤτοι
440 2991 551 3081 πρώτη
574 2992 761 3081 ὠνομάσθη
784 2999 899 3080 (faceta
923 3012 1045 3087 etymc

60 3141 64 3150 ·
90 3107 195 3194 logia)
223 3110 280 3173 καὶ
308 3109 368 3174 νῦν
396 3101 480 3172 οὕτω
510 3109 671 3189 καλεῖται,
700 3111 757 3174 καί
784 3133 836 3176 τοι
864 3117 899 3176 ὲκ
920 3113 1045 3178 πολλοῦ

93 3221 301 3286 ολκσνωθσῒσοι
322 3225 392 3294 τοῖς
414 3214 613 3308 βαρβάροις,
635 3218 712 3306 μεθ’
737 3225 856 3310 ἑτέρων
876 3219 1045 3313 τεσσάρων

91 3321 217 3396 πόλεων
243 3331 457 3410 Φοινικῶνος,
488 3331 641 3421 Χίριδος,
675 3327 821 3410 Θάπνόος
850 3336 1044 3424 (Thaphis),

95 3434 263 3522 Τάλμιὸος
278 3441 425 3524 (Talmis)
447 3479 490 3491 —
511 3445 602 3511 locus
626 3424 792 3532 corruptus
816 3458 864 3512 est
883 3446 936 3512 vel
952 3447 1044 3532 plura

88 3551 276 3643 intermedia
306 3555 492 3631 exciderunt.
545 3560 656 3622 Insunt
683 3557 855 3636 Philamm‚
890 3558 1043 3625 Talmidis

94 3677 122 3730 et
142 3666 266 3730 Primae
287 3659 429 3749 nomina,
456 3691 517 3738 nec
539 3681 643 3734 tamen
666 3670 784 3748 elucet,
816 3673 957 3760 quinque
979 3671 1045 3737 dic-

38 3795 39 3800 ’
95 3796 157 3843 mm
185 3780 384 3846 intervallum
411 3785 494 3848 inter
522 3782 628 3848 Philas
655 3793 687 3847 ct
715 3781 839 3846 Talmin
867 3783 1042 3851 Piimamve

127 4025 156 4096 Ι)
174 4025 224 4084 Est
240 4024 310 4104 apud
327 4024 449 4083 Phacium
466 3989 495 4083 iii
511 4026 579 4086 Bibt
598 4047 623 4106 p.
643 4029 703 4089 178.
740 4026 872 4087 Hoeschel
889 4047 915 4105 p.
936 4029 995 4085 194.
