3000 4908
996 417 1043 490 81

84 545 261 682 conumque
278 587 366 656 cultu
387 588 541 676 prolerre.
588 588 725 674 Osiridis
740 589 920 678 sepulcrum
938 615 957 658 a
972 595 1046 658 scn'-
1093 599 1169 662 Pass
1187 605 1217 664 11.
1257 636 1261 644 ν

84 703 232 794 ptoribus
261 725 359 792 quum
387 703 481 766 variis
510 701 589 766 locis
613 701 805 768 collocatum
827 707 880 783 sit,
907 703 1046 770 tinnissi-

83 841 171 884 mum
185 817 218 882 id
234 824 448 907 argumentum
461 823 517 893 est,
531 815 708 901 Aegyptios
723 818 810 904 ipsos
822 817 930 881 barum
941 839 1045 882 rerum

84 934 202 996 inscios
232 931 336 995 fuisse.
389 926 486 990 Philis
512 929 692 1013 accipitrem
713 950 836 994 sacrum
858 927 966 994 divino
988 929 1047 1025 ¹¹⁰}

85 1065 168 1110 nore
191 1042 309 1108 cultmn
331 1027 438 1120 fuiss‘e,
461 1038 578 1104 Strabo
602 1037 745 1118 affirmat,
772 1052 883 1106 auctor
905 1043 1047 1128 gravissi-

85 1178 171 1234 mus,
194 1164 391 1241 arguuntque
414 1174 540 1230 caveae,
563 1149 605 1215 ad
625 1162 766 1214 nostram
787 1174 889 1239 usque
911 1165 1045 1220 aetatem

87 1278 246 1344 servatam
276 1277 387 1331 contra
415 1268 448 1330 in
469 1262 559 1330 nulla
581 1265 787 1349 inscriptione
808 1263 962 1346 Philensi‚
989 1289 1047 1334 ne·

88 1403 152 1468 que
176 1381 330 1466 accipitris
352 1399 458 1464 neque
475 1375 611 1442 Osiridis
633 1378 751 1441 mentio
774 1374 826 1462 fit;
851 1400 888 1463 ex
908 1378 1047 1465 sculptu-

89 1495 131 1556 ris
156 1491 292 1578 denique
315 1491 439 1578 templi,
469 1511 600 1576 quarum
629 1487 816 1574 significatio
838 1492 929 1554 nimis
952 1491 1048 1556 ambi·

87 1627 151 1690 gua
174 1615 236 1684 est,
259 1603 447 1690 deprompta
470 1612 652 1688 argumenta
674 1612 839 1688 utramque
861 1607 1047 1669 sententiam

85 1715 143 1780 vel
164 1728 307 1782 neutram
330 1714 526 1781 confirmant.

159 1829 296 1896 Centum
323 1829 497 1894 stadiorum
525 1827 740 1906 intervallum,
775 1849 840 1915 quo
870 1828 1002 1914 Syenen
1030 1851 1049 1894 a
1090 1861 1188 1915 1>pr
1206 1880 1224 1917 a

86 1940 187 2006 Philis
217 1941 331 2005 distare
354 1940 492 2006 affirmat
514 1940 630 2005 Strabo
653 1941 755 2020 XVII,
777 1941 918 2028 pole„
942 1962 1049 2028 neque
1120 1933 1203 2002 Sum

91 2072 163 2115 cum
185 2055 316 2117 veritate
338 2075 445 2141 neque
468 2076 538 2118 cum
562 2055 727 2144 itinerariis
757 2056 920 2132 convenit,
950 2072 1048 2141 quare
1090 2014 1221 2128 qppppetnipp

89 2163 241 2230 uberiore
272 2169 470 2252 expositione
492 2165 657 2232 Strabonis
684 2165 791 2231 locum
812 2175 1046 2251 pertractemus.
1112 2179 1115 2186 '

91 2277 176 2344 Cum
204 2277 485 2366 Francogallorum
520 2281 697 2346 novissimis
732 2281 885 2343 mensuris
915 2289 1048 2375 constet,

90 2391 224 2476 Syenen
247 2395 404 2478 antiquam
428 2418 447 2460 a
467 2393 565 2458 Philis
595 2389 718 2458 duabus
740 2392 818 2478 legis
841 2390 973 2456 Gallicis
994 2391 1049 2456 vel

90 2505 203 2568 30000
236 2503 372 2590 pedibus
402 2508 500 2572 Paris.
536 2504 653 2570 distare
686 2542 727 2556 -
759 2503 902 2569 anfractu
928 2507 1048 2570 viarum

90 2617 184 2682 simul
198 2629 380 2704 computato
396 2653 440 2667 -
455 2619 518 2684 hoc
530 2617 734 2684 fundamento
747 2619 883 2682 nitamur
893 2627 1049 2684 astrorum

92 2727 370 2795 observationibus
398 2730 538 2810 firmato,
569 2753 706 2818 quocmn
736 2740 860 2794 ceterae
883 2751 1049 2796 mensurae

93 2844 346 2931 scriptorumque
367 2848 564 2910 narrationes
588 2842 806 2908 conciliandae
827 2853 901 2907 sunt
914 2840 960 2924 l⁶).
999 2829 1051 2909 lti-
1142 2850 1144 2854 ’

93 2957 250 3022 aerarium
272 2957 426 3022 Antonini
449 2957 521 3040 (ed.
542 2956 740 3041 Wesseling.
760 2979 795 3052 p.
819 2955 904 3038 164)
926 2953 1036 3022 habet:

267 3120 422 3186 PHILAS
446 3159 488 3174 -
511 3119 665 3186 SYENE.
688 3118 736 3184 M.
757 3119 794 3183 P.
818 3117 873 3183 111.

94 3281 291 3372 Heliodorus
328 3278 365 3350 ex
393 3281 560 3350 Strabonis
593 3281 684 3362 loco,
717 3293 784 3372 tum
812 3285 964 3369 temporis
989 3285 1053 3368 jam

97 3408 258 3482 conupto,
273 3419 423 3463 numeros
441 3395 652 3482 desumpsisse
666 3393 800 3474 videtur,
817 3418 888 3461 cum
902 3396 1055 3482 Aethiops·
1110 3457 1113 3466 .

93 3553 298 3567 m

131 3639 157 3712 ⁸)
177 3638 259 3695 Linea
277 3649 349 3695 recta
367 3638 455 3715 Syene
473 3639 581 3697 aPhilis
599 3638 680 3696 distat
697 3639 841 3698 secundum
857 3637 1053 3696 Lancretum

168 3726 319 3805 (Descript.
344 3727 376 3784 de
395 3725 484 3784 Philae
501 3748 528 3806 p.
547 3727 602 3798 30)
626 3731 697 3786 8300
715 3729 806 3784 metris
829 3725 1054 3797 (1000840000-

167 3813 224 3884 tiss)
243 3814 287 3872 vel
303 3817 393 3897 24000
411 3815 524 3895 pedibus
535 3814 628 3884 Paria,
646 3813 789 3874 secundum
806 3813 970 3873 Nouatum
988 3814 1054 3886 (tie-

167 3903 265 3959 moires
286 3923 334 3962 sur
350 3901 472 3981 l'Egypte
489 3902 523 3974 11,
539 3901 611 3976 240)
635 3905 707 3962 4140
729 3903 794 3962 tesia
816 3903 859 3962 vel
880 3903 970 3970 24870
992 3897 1053 3980 ped.

166 3986 248 4049 Paria.
282 4039 291 4054 .
341 4001 345 4007 ’
