3026 4920
443 413 530 490 id

311 602 427 690 raet
481 587 595 681 lapirbs
622 588 765 658 colorem
792 605 860 676 non
889 583 1049 665 exhibent,
1081 584 1139 654 sed
1167 586 1326 674 [aptante
1356 582 1444 652 albo

480 703 559 772 illita
581 700 700 770 eoloris
722 701 857 766 nitorem
878 701 955 764 mire
978 707 1101 784 augent.

320 831 422 903 Magni
546 815 656 901 Magni
677 810 824 901 pylones,
846 809 903 878 elis
925 809 1048 878 duabus
1071 811 1236 902 oompositi
1257 809 1301 891 (C
1318 821 1350 879 et
1366 809 1447 891 C¹)

311 905 430 975 dim*
481 949 563 1016 opus
585 927 727 992 eximium
748 923 909 1002 videntur,
937 923 1004 987 sive
1030 921 1071 990 sd
1092 923 1318 991 architecturae
1338 924 1448 988 ratio-

480 1061 538 1109 nes
559 1039 780 1126 spectandos
804 1033 845 1102 ad
866 1033 1035 1122 figurarum
1058 1031 1309 1103 distributionem
1331 1043 1364 1100 et
1379 1033 1447 1100 de-
1499 1113 1500 1128 1

480 1151 692 1221 bneationen.
736 1145 881 1216 Altitudo
904 1145 974 1214 alae
995 1149 1150 1234 cujusque
1172 1157 1221 1214 est
1242 1147 1285 1212 64
1307 1145 1446 1232 pedum,

481 1262 593 1332 eadem
623 1259 831 1352 longitudo
822 1279 856 1326 m
882 1261 944 1324 ima
971 1269 1075 1346 parte,
1109 1279 1192 1345 quae
1219 1280 1444 1326 mensurarum
1498 1257 1500 1346 l

481 1376 685 1462 congruentia
707 1394 778 1440 urm
798 1374 831 1437 in
852 1371 957 1438 multis
971 1369 1145 1458 pylonibus
1161 1370 1442 1454 animadvertanu,
1498 1393 1500 1486 1

479 1486 650 1557 verisimile
674 1496 738 1564 est,
764 1482 922 1572 pylonum
949 1482 1015 1550 alas
1038 1486 1219 1572 antiquitus
1234 1505 1310 1548 vera
1331 1482 1442 1550 lomna

482 1599 635 1692 quadrata
657 1605 826 1664 exstructas
848 1594 960 1675 fuisse,
981 1607 1056 1683 post
1078 1607 1181 1662 autam
1203 1606 1440 1662 eontractruanr
1497 1571 1500 1680 l

480 1711 699 1788 assaradon,
729 1731 792 1796 qua
818 1707 913 1775 altior
939 1719 972 1774 et
994 1708 1139 1794 gracilior
1160 1719 1327 1795 appareret
1348 1708 1439 1774 aedi-

480 1823 588 1892 ficatio
603 1821 648 1905 l‘).
690 1820 744 1888 Ad
765 1818 961 1910 probandam
982 1822 1065 1886 hane
1085 1823 1276 1906 opinionem,
1295 1821 1437 1886 nonnul-

480 1936 584 2015 lorum
605 1933 761 2023 pylonum
782 1953 943 2000 mensuras
965 1930 1158 2022 collegimus,
1179 1953 1257 2019 quas
1279 1932 1432 2002 hocloco

482 2067 683 2138 apponamus.
728 2072 734 2083 ·

745 2228 751 2243 .
834 2227 841 2244 .
1133 2153 1237 2214 nutum
1290 2153 1397 2212 latitud.
1499 2171 1500 2290 1

533 2227 647 2308 Pylenes
664 2225 842 2305 Apollrnopoh
859 2247 950 2304 magna
967 2225 1104 2300 (Edu).
1141 2231 1200 2286 .96
1218 2225 1300 2305 pedes
1317 2229 1359 2283 96.

580 2343 617 2359 -
671 2314 704 2372 66
720 2334 815 2392 pagum
832 2313 1016 2372 Kalabaebe.
1052 2355 1059 2372 .
1140 2317 1281 2372 ,66-
1316 2316 1359 2368 66.

581 2433 614 2448 -
668 2399 812 2479 adpagum
829 2399 966 2460 Dandur.
1004 2446 1010 2459 .
1048 2443 1055 2457 .
1090 2443 1097 2458 .
1134 2403 1281 2459 .46-
1316 2402 1359 2456 46.

395 2532 397 2536 ·
502 2500 637 2564 Diversa
658 2502 781 2564 ratione
803 2509 888 2563 sunt·

533 2606 647 2686 Pyloros
665 2607 699 2666 ad
715 2627 809 2686 pagum
827 2606 966 2666 Gurrmlr.
1133 2609 1279 2670 .,-96
1316 2609 1358 2663 76.

578 2693 783 2752 -Tbebani
799 2695 883 2752 666
848 2717 867 2774 p
869 2692 943 2770 agum
954 2647 1139 2754 Medinetdbu
1156 2697 1278 2751 66-
1314 2695 1357 2750 64.

577 2813 611 2828 -
665 2779 698 2838 66
714 2801 809 2860 pagum
824 2781 977 2839 nubiensem
995 2779 1139 2838 Girsche.
1158 2783 1282 2837 36-
1316 2782 1359 2837 44.

577 2899 610 2914 -
749 2901 780 2913 —
887 2901 922 2912 -
993 2866 1095 2925 Sebua.
1132 2870 1280 2925 .-66
1315 2869 1359 2924 46.

545 2982 583 3046 ln
604 2991 690 3046 tanta
713 2981 897 3048 auxiliorum
917 2991 1098 3046 nostrorum
1118 2981 1226 3066 inopia
1248 2978 1382 3044 fortasse
1400 2991 1434 3045 et

478 3093 542 3158 hoe
569 3095 724 3158 criterium
758 3092 800 3157 ad
830 3091 1018 3178 templorum
1052 3101 1183 3156 aetatem
1218 3088 1434 3156 definiendam

478 3225 539 3271 nos
566 3201 702 3291 juvabit3
731 3206 785 3290 qui
814 3207 895 3270 enim
923 3204 1060 3291 pylones
1088 3201 1219 3267 formam
1247 3200 1432 3286 quadratam

480 3314 641 3394 exhibent,
672 3314 795 3382 meliori
823 3319 896 3382 artie
924 3319 1017 3382 aetati
1039 3311 1237 3382 adscribendi
1258 3324 1345 3390 sunt3
1375 3312 1433 3379 de-

478 3446 588 3515 pressa
620 3426 776 3514 pylonum
808 3423 910 3516 figura
943 3429 1016 3494 artis
1042 3425 1177 3493 labentis
1204 3436 1347 3515 tempora
1374 3425 1432 3490 de-

477 3539 587 3626 signat.
906 3565 908 3570 ·
1368 3591 1370 3595 ,
1499 3555 1500 3590 l

347 3661 385 3714 ad
544 3651 841 3740 Contemplantibus
863 3645 956 3718 nobiti
977 3671 1106 3736 magnos
1128 3648 1265 3736 pylones
1287 3667 1354 3716 sose
1377 3643 1427 3710 oi-

275 3733 457 3871 “fflffm
477 3762 600 3830 ferebat
627 3768 788 3856 quaestio,¹
822 3763 913 3856 quid
931 3761 1057 3831 tandem
1085 3773 1170 3830 esset
1197 3784 1253 3828 our
1278 3761 1431 3848 Aegyptii

295 3871 439 3958 introitum
1360 3881 1432 3940 tan-

296 3952 436 4001 extumo.

512 4079 538 4153 ⁹)
554 4080 588 4141 el.
604 4077 670 4142 Τὼ.
690 4077 721 4139 ll.
740 4075 836 4141 Forma
851 4080 877 4137 t
