3000 4908
1006 451 1058 524 85

92 630 406 698 Philarumfmentio
438 637 500 705 est,
536 647 605 691 cum
634 626 800 693 Letronnii
830 625 1057 693 emendationi·
1104 637 1180 696 Pras
1198 639 1231 698 n.

91 746 155 811 bus
178 746 228 808 hic
250 738 441 827 repetendas
465 761 638 803 censemus.
659 741 719 818 ,In
742 739 862 826 templo
887 738 1055 806 Dalleusi

93 860 240 946 stfflmffl

169 963 214 1034 Τὸ
241 959 456 1054 προςκύνημο
480 959 662 1027 Ἀντωνίον
690 969 909 1050 γραμματέως
942 965 1055 1031 Φιλῶν

92 1082 309 1154 Καπίτωνος·
337 1077 393 1140 καὶ
419 1070 645 1163 προςεκύνηοα
666 1068 754 1139 θεὸν
775 1079 930 1161 μέγιστον
949 1073 1054 1163 Ἑρμῆ

92 1196 151 1260 καὶ
173 1193 305 1269 ἐποίησε
329 1183 367 1252 τὸ
390 1183 605 1275 προςκύνημο
627 1185 693 1252 τῶν
716 1179 825 1251 ἄλλων
847 1183 982 1254 πάντων
996 1191 1052 1254 καὶ

93 1307 202 1398 φίλων
230 1305 257 1366 L
288 1301 312 1365 I
316 1284 355 1365 ll-
383 1300 537 1384 Τιβερίου
567 1299 744 1385 Καίσαρος
772 1301 901 1365 flaccet
920 1285 969 1372 ἶ.
1007 1337 1052 1350 -··

94 1418 196 1486 Aliam
235 1413 375 1502 ejusdem
414 1412 522 1496 templi
557 1415 808 1498 inscriptionem,
848 1417 979 1498 primum
1019 1417 1051 1477 in

91 1531 207 1617 Lightii
234 1525 523 1592 itinereNubiensi
551 1550 582 1611 p.
605 1527 671 1590 273
700 1524 901 1604 delineatam,
931 1527 1050 1612 majore

91 1665 168 1707 cura
192 1666 209 1706 a
232 1639 453 1705 Burclhardto
479 1649 634 1703 exaratam
656 1641 733 1718 (itin.
758 1661 790 1723 p.
816 1637 894 1718 106)
916 1635 1050 1702 Letron·

89 1759 163 1821 nius
187 1755 365 1840 explicavit:
387 1750 524 1816 Journal
549 1750 605 1815 des
629 1751 749 1815 Savans
774 1749 870 1814 1821.
894 1774 923 1835 p.
948 1751 1027 1814 399:

156 1859 377 1938 Ἀπολλώνιος
402 1859 627 1927 Ἀπολλωνίου
662 1854 847 1950 στρατηγὸς
876 1857 1050 1945 'oppertae

90 1975 149 2039 καὶ
178 1974 238 2038 τοῦ
264 1976 338 2060 περὶ
363 1970 602 2065 ’Ἐλεφαντίνην
630 1977 686 2039 καὶ
716 1975 823 2050 Φίλας
850 1961 964 2052 ἦλθον
991 1969 1049 2037 καὶ

90 2079 316 2174 προςεκύνησα
338 2079 424 2150 θεὸν
446 2083 571 2174 Ἑρμῆν
591 2089 756 2171 μέγιστον.

159 2202 374 2264 Rornanorum
404 2197 599 2284 temporibus
631 2201 740 2281 (certo
770 2202 832 2285 jam
870 2201 1048 2286 antiquiore

91 2315 216 2394 aetate)
245 2311 385 2377 consmio
414 2312 603 2397 Aethiopiae
633 2324 665 2376 et
687 2311 827 2397 Aegypti
848 2311 940 2376 Deos
967 2332 1048 2376 nou-

90 2425 200 2492 nullos
223 2426 318 2493 fuisse
341 2427 550 2511 praepositos
574 2424 634 2489 alia
657 2434 788 2489 testatur
810 2426 971 2510 inscriptio
989 2445 1060 2507 no-x

92 2538 195 2605 tabilis
220 2536 361 2624 ejusdem
389 2537 498 2624 templi
526 2539 559 2600 in
574 2536 703 2623 oppido
726 2535 869 2601 Dakkeh
894 2537 1047 2618 (Letron-

90 2656 147 2719 nio
170 2631 295 2731 llselci)
317 2647 366 2731 *):
770 2675 791 2704 π
1041 2693 1043 2698 -

164 2763 235 2846 Θεῷ
256 2765 397 2846 μεγίστῳ
416 2757 518 2850 Ἑρμῇ
539 2756 732 2845 Πυτνύβτὸι,
754 2755 927 2845 Αἰγύπτου
950 2780 1047 2826 συνο-

92 2879 169 2966 ρίην
196 2877 252 2939 καὶ
280 2868 461 2939 Αἰθιόπων
489 2876 670 2958 μετέχοντι,
699 2867 761 2952 τὴν
786 2874 861 2960 περὶ
882 2865 942 2938 τὸν
963 2864 1047 2938 ναὸν

95 2983 273 3076 Χρύσωσιν
294 2987 448 3064 ἐποίησεν
473 2988 574 3072 ἱεροῖς
595 2979 681 3072 ἀνὴρ
703 2986 926 3070 μεμελημένος
944 2979 1047 3050 'Aet-
1153 3027 1158 3034 -

93 3103 154 3176 λος
175 3099 421 3186 Σατουρνεῖνος
447 3090 631 3186 anteparta
658 3091 837 3182 εὐξάμενος
865 3097 966 3184 ῥῶσιν
990 3097 1048 3162 καὶ

51 3265 55 3281 ,
92 3213 217 3286 τέκνοις
237 3213 293 3275 καὶ
315 3209 447 3302 γαμετῇ.

163 3321 252 3408 Quae
281 3325 501 3409 inscriptiones
531 3343 655 3400 omnes,
683 3324 743 3386 etsi
763 3344 830 3388 non
853 3323 955 3408 magni
976 3343 1047 3408 pre-

92 3435 128 3497 tii
147 3435 209 3498 sint
232 3435 273 3498 ad
294 3437 455 3500 historiam
476 3432 529 3498 vel
552 3435 772 3520 geographiam
792 3433 1047 3521 investigandam,
1144 3487 1147 3493 ,

91 3558 197 3612 tamen
221 3543 346 3624 docent,
368 3549 585 3611 Romanorum
609 3557 711 3612 aetate
734 3549 954 3612 remotissimas
976 3544 1047 3610 illas

90 3661 239 3744 regiones
260 3659 304 3724 ita
326 3671 453 3745 pacatas
475 3659 581 3739 luisse,
603 3670 638 3724 ut
660 3662 855 3746 magistratus
878 3668 910 3724 et
924 3656 1046 3724 scribae

91 3769 257 3835 Philenses
289 3771 343 3839 vel
365 3771 587 3839 oblectationis
610 3773 663 3838 vel
685 3773 846 3861 religionis
869 3792 978 3838 caussa
1000 3774 1048 3838 iti-

90 3920 293 3934 -ψ

127 4004 154 4075 ⁴¹)
173 4004 190 4061 l.
209 4003 226 4062 l.
245 4024 271 4083 p.
290 4007 350 4062 ³70.
