3000 4908
431 447 480 520 sl

267 637 341 694 Pras
360 635 377 694 l.
435 623 508 688 lacit
530 619 645 688 Strabo
668 621 768 696 XVll,
792 619 893 683 11⁶7:
921 619 1032 682 ἔπειτα
1054 611 1271 703 Πτολεματκὴ
1293 613 1391 696 πόλις

434 735 572 820 μεγίστη
594 732 659 796 τῶν
681 736 716 795 ἐν
738 729 779 822 τῇ
797 730 948 814 Θηβαΐδι,
970 733 1028 796 καὶ
1050 725 1108 797 οὐκ
1131 724 1276 795 ἐλάττων
1292 731 1393 816 Μέμ-

433 870 535 938 φεως,
563 845 683 929 ἔχουσα
705 845 761 908 καὶ
785 837 936 928 σύστημα
959 837 1128 910 πολιτικὸν
1151 847 1186 909 ἐν
1208 843 1256 925 τῷ
1273 839 1394 923 Ἐλλη-

432 958 511 1040 νικῷ
532 951 665 1052 rodum.
684 953 783 1046 Ὑπὲρ
807 953 841 1020 δὲ
863 950 985 1036 ταύτης
1007 947 1191 1039 ἡἍβυδος
1215 993 1255 1006 -

279 1093 376 1145 ⁸001„
498 1069 658 1133 Hactenus
693 1068 734 1133 de
768 1071 987 1156 inscriptione3
1023 1059 1096 1154 jam'
1120 1068 1161 1133 ad
1188 1077 1396 1133 monumenta

237 1163 415 1274 opsideremus.
436 1179 609 1246 redeamus.
668 1183 705 1248 ln
741 1185 810 1268 ripa
837 1181 959 1247 insulae
989 1179 1179 1246 occidentali
1212 1177 1317 1244 scalae
1346 1178 1395 1243 la-

437 1292 551 1380 pideae
574 1293 627 1376 (t)
650 1293 690 1360 ad
713 1295 830 1368 flumen
853 1293 969 1358 aditum
985 1291 1165 1378 praebent'
1188 1291 1307 1378 Singuli
1323 1313 1394 1384 gra-

417 1426 419 1432 ’
438 1405 505 1483 dus,
527 1408 560 1470 in
582 1405 778 1476 latitudinem
797 1407 865 1471 fere
881 1404 997 1494 pedum
1011 1385 1149 1482 ‚duoruin
1164 1382 1392 1491 prominentes,

437 1517 646 1586 molestissimi
674 1530 746 1584 sunt
770 1517 1051 1598 descendentibus,
1080 1518 1133 1582 vel
1163 1517 1244 1584 adeo
1268 1519 1393 1603 pericu-

437 1630 508 1698 losi.
559 1631 670 1698 Ferrei
697 1633 891 1698 munumenti
918 1633 1047 1718 vestigia
1068 1634 1101 1696 in
1124 1633 1272 1724 extremis
1290 1629 1394 1714 gradi-

436 1741 497 1806 bus
514 1764 581 1810 non
597 1748 779 1831 sepelimus,
797 1766 984 1831 quamquam
1004 1766 1041 1808 ea
1060 1741 1135 1808 olim
1154 1746 1305 1828 exstitisse
1325 1764 1393 1808 cer-

437 1865 587 1932 bunost,
615 1856 706 1922 nullo
731 1857 793 1922 alio
813 1856 910 1922 ruodo
935 1856 1100 1922 commode
1126 1855 1278 1921 descendi
1299 1866 1392 1942 pote

438 1978 494 2033 rat.
533 1969 599 2034 Has
622 1968 722 2034 scalas
743 1991 904 2056 nimquam
927 1968 1159 2057 appellentibus
1183 1990 1252 2032 cum
1272 1989 1392 2054 pompa

437 2061 570 2145 navibus
600 2078 706 2145 locum
735 2080 876 2160 dedisse,
906 2084 1046 2167 angustia
1069 2079 1219 2168 graduum
1242 2079 1391 2160 declarat,

438 2193 543 2277 potius
577 2191 751 2258 incolarum
787 2216 896 2259 caussa
931 2194 972 2260 ad
1001 2215 1113 2280 aquam
1141 2190 1286 2288 erpedite
1315 2194 1393 2257 hau-

438 2302 578 2371 riendam
600 2303 747 2371 videntur
769 2317 943 2372 exstructae
967 2328 1044 2373 csse.
1123 2278 1132 2294 ⁹

262 2420 399 2506 Templum
504 2414 779 2503 Circumeuptibus
801 2420 874 2484 hine
888 2429 1026 2487 extrema
1042 2417 1158 2506 templi,
1178 2417 1392 2508 peristylium-

257 2497 395 2548 ‘'mum‘'
440 2549 501 2612 que
529 2530 599 2610 (A)
627 2529 859 2630 repetentibus,
892 2533 926 2596 in
961 2541 1050 2619 parte
1085 2531 1207 2597 insulae
1243 2531 1391 2602 orientali

438 2659 569 2726 parvum
597 2643 748 2708 sacellum
776 2655 920 2730 superest
949 2645 1033 2726 (m),
1067 2665 1134 2710 non
1162 2655 1225 2710 tam
1254 2642 1391 2730 eleganti
1480 2685 1481 2702 t

438 2752 539 2820 fenne
555 2765 751 2834 exstructum,
767 2778 860 2844 quam
876 2766 989 2834 cetera,
1006 2777 1086 2842 quae
1104 2759 1293 2822 visitavimus
1304 2753 1391 2820 aedi·

437 2862 519 2932 ficia
573 2865 781 2955 Circumjecta
810 2880 882 2934 sunt
903 2866 1044 2934 Arabum
1072 2855 1206 2955 tugen-ia
1221 2888 1306 2932 nunc
1334 2867 1391 2966 de·
1480 2911 1481 2920 τ

438 2975 517 3056 leta,
533 2999 611 3074 ¹quo
642 2979 803 3046 difficilior
830 2979 924 3047 nobis
955 2992 1021 3046 erat
1042 2983 1236 3046 monumenti
1263 2984 1391 3048 investi·
1480 2969 1481 2974 ἵ

438 3092 530 3174 gatio.
588 3091 704 3180 Neque
740 3117 870 3181 parvum
897 3097 931 3158 in
957 3114 1017 3159 nos
1046 3091 1244 3190 redundabat
1270 3095 1390 3171 incom-
1480 3085 1481 3160 l

437 3202 580 3282 modum,
609 3203 697 3291 quod
726 3217 790 3272 tres
812 3229 904 3285 anus,
935 3228 1016 3295 quae
1037 3205 1127 3274 solae
1149 3205 1281 3272 insulam
1303 3205 1391 3272 habi-

438 3324 513 3392 tant,
536 3315 685 3403 templum
707 3330 939 3406 occupaverant
953 3305 1005 3400 ¹⁵),
1019 3335 1080 3385 nec
1101 3297 1226 3386 veteres
1242 3316 1390 3386 sacerdo-

439 3437 485 3490 tes
501 3429 612 3514 majori
635 3408 795 3516 diligentia
818 3431 925 3516 templi
948 3453 1035 3496 sacra
1058 3451 1201 3496 servasse
1225 3429 1389 3507 credimus,

436 3609 637 3629 Μ

471 3738 494 3809 ’)
518 3737 582 3794 lnde
606 3735 674 3794 Galli
696 3738 756 3794 lruic
779 3739 878 3816 templo
901 3757 998 3794 nomen
1017 3736 1180 3793 indiderunt:
1201 3725 1325 3811 te‘mple
1347 3731 1387 3792 de

507 3823 534 3879 la
557 3822 669 3879 vieille
698 3825 826 3890 lemme3
852 3823 921 3880 hand
942 3823 1090 3902 spernendo
1112 3823 1159 3880 illo
1178 3817 1278 3878 Gallico
1303 3841 1386 3890 more,

507 3929 559 3983 quo
585 3908 693 3981 singulis
719 3913 893 3966 monumentis
926 3929 1068 3988 corumque
1095 3911 1212 3988 partibus
1244 3911 1386 3966 memoriae

507 4015 596 4051 caussa
614 3996 717 4052 nomina
735 4017 768 4054 ex
786 4017 814 4052 re
833 3996 1039 4073 aliquaetortuita
1056 3999 1234 4076 imponuntur.
