3000 4908
445 437 517 520 loo

509 623 605 689 Anno
635 623 723 688 1813
750 625 855 688 viator
888 620 997 712 chh
1024 621 1060 707 *)
1079 571 1212 714 1Αιιςίιιε
1245 626 1404 696 Philarun

443 734 566 803 incolas
596 734 766 801 admodum
798 733 973 802 bellicosos
1001 737 1114 818 refert,
1151 740 1349 828 pugionibus
1376 755 1402 810 et

443 851 541 915 hastis
564 859 701 916 armatos
724 869 759 913 se
782 847 914 928 vidisse,
944 871 1118 937 eorumque
1141 848 1251 918 laudat
1274 848 1392 920 dexteri-
1471 898 1472 934 ,

444 973 555 1040 tatem,
579 981 656 1048 qua,
680 965 776 1026 scutis
797 959 977 1050 ingentibus
1000 963 1288 1060 obtecti,hostium
1310 970 1389 1054 impe·
1471 949 1472 984 ³

444 1088 510 1141 tum
533 1071 627 1140 lacile
650 1063 862 1142 sustinuerint.
914 1074 1032 1142 Postea
1060 1075 1236 1143 incolarum
1257 1101 1396 1145 numerus

444 1187 576 1254 multum
597 1189 776 1254 imminutus
800 1200 848 1255 est
869 1191 903 1255 in
924 1185 1020 1254 bellis
1035 1189 1227 1255 Mohametis
1241 1189 1308 1276 aly
1334 1215 1401 1258 con-

445 1313 493 1368 tra
521 1301 734 1366 ferocissimos
762 1299 904 1390 Aegypti
933 1321 1157 1389 oppressores,
1192 1303 1402 1383 Mamluccos‚

446 1425 478 1479 et
508 1417 686 1482 remotioris
713 1415 904 1502 Aethiopiae
927 1413 1058 1480 Schindi
1087 1420 1119 1480 et
1141 1414 1284 1480 Sennaar
1304 1439 1402 1504 reges.

445 1527 612 1594 Pltileuses
635 1529 731 1605 enim,
755 1529 873 1614 quippe
897 1538 1071 1593 cataractae
1094 1529 1284 1614 peritissimi,
1308 1552 1328 1594 a
1349 1531 1405 1594 Pa·
1472 1513 1473 1516 Ἴ

447 1642 561 1710 schatis
583 1636 668 1719 filio,
691 1639 859 1719 lbrahimo,
879 1643 946 1716 una
969 1661 1039 1705 cum
1062 1639 1208 1706 omnibus
1231 1650 1405 1706 cataractae

447 1753 578 1831 accolis
611 1752 651 1818 ad
674 1753 805 1820 classem
826 1775 886 1841 per
907 1751 1059 1841 scopulos
1082 1751 1331 1825 transferendam
1360 1775 1406 1819 ar·

447 1867 552 1932 cessiti
580 1876 660 1931 sunt.
707 1867 773 1953 Qui
800 1870 919 1954 jussum
944 1865 1177 1945 obtrectabant,
1211 1863 1405 1932 amilitibus
1473 1944 1474 1948 Ἰ

447 1981 559 2066 partim
581 1978 735 2058 trucidati,
758 1982 870 2066 partim
894 1977 1040 2044 domibus
1057 1981 1151 2067 ejecti
1168 1989 1255 2055 sunt;
1279 1981 1332 2066 qui
1349 1977 1406 2042 ob·

447 2088 673 2178 temperabant,
695 2089 829 2157 navibus
846 2091 886 2157 ad
902 2088 1073 2157 secundam
1090 2101 1274 2156 cataractam
1289 2089 1407 2154 Wadi-

447 2201 631 2268 Halfensem
661 2203 804 2285 deducti,
838 2204 884 2270 ibi
911 2216 1045 2292 propter
1073 2203 1241 2290 navigandi
1267 2205 1301 2266 in
1330 2200 1406 2268 loco

448 2318 619 2384 remotiore
641 2317 794 2383 inscitiam
816 2321 978 2383 maximam
999 2328 1121 2403 partem
1142 2333 1206 2380 rma
1229 2336 1299 2379 cum
1320 2316 1407 2378 navi-

447 2428 508 2495 bus
531 2433 709 2517 perierunt,
731 2427 874 2517 reliquos
895 2428 974 2495 belli
997 2430 1124 2494 fortuna
1147 2424 1290 2512 abripuit.
1337 2427 1405 2491 No-

447 2541 511 2621 bis,
540 2542 675 2608 insulam
703 2541 900 2609 visitantibus
924 2557 1008 2606 anno
1030 2539 1313 2616 MDCCCXXHI,
1340 2549 1404 2604 tres

450 2675 528 2720 anus
552 2653 678 2720 obviam
700 2666 864 2734 venerunt,
887 2653 977 2720 solae
999 2657 1083 2719 inter
1103 2645 1321 2739 magnitudinis
1343 2653 1404 2716 Ae-

449 2768 615 2856 gyptiacae
637 2765 754 2832 rudera
774 2767 915 2856 relictae.

530 2880 680 2968 ‘Aegypto
716 2879 907 2946 Mohametis
937 2882 1034 2966 patris
1064 2877 1229 2943 clementia
1259 2888 1291 2943 et
1318 2875 1405 2942 forti-

449 2991 558 3059 tudine
581 3001 700 3080 pacata,
724 3003 756 3057 et
770 2989 878 3058 Nubia
900 2989 1047 3057 lbrahimi
1068 2987 1128 3056 filii
1148 2992 1264 3056 virtute
1285 2991 1329 3056 ita
1351 2985 1405 3052 de-

448 3104 577 3181 bellata,
599 3115 635 3170 ut
656 3102 816 3170 latronum
837 3104 943 3170 nullus
965 3115 1067 3170 metus
1091 3113 1182 3184 esset,
1203 3101 1313 3168 Philae
1327 3097 1406 3167 mul-

449 3221 488 3283 tis
516 3215 690 3283 viatoribus
718 3240 796 3305 prae
828 3221 940 3284 ceteris
962 3216 1030 3284 Nili
1052 3216 1183 3284 urbibus
1212 3227 1317 3304 gratae
1338 3211 1404 3278 iue-

449 3341 536 3409 ruut,
564 3339 697 3419 propter
718 3329 935 3396 incredibilem
958 3334 1279 3424 situsamoenitatem
1302 3337 1333 3394 et
1355 3347 1402 3391 ex·
1473 3387 1474 3390 ,

350 3441 355 3453 ’
449 3436 588 3524 peditam
623 3444 840 3527 antiquitatum
876 3447 1013 3532 copiam;
1052 3443 1110 3510 sed
1143 3441 1397 3531 peregrinantium

450 3549 628 3637 frequentia
672 3555 789 3622 lactum
835 3567 896 3634 est,
940 3568 976 3622 ut
1012 3555 1168 3642 permulta
1204 3554 1407 3617 monumenta

451 3662 556 3730 ablata
582 3669 658 3731 sint:
696 3668 792 3734 Anno
815 3667 1089 3736 MDCCCXVlll
1110 3662 1283 3726 Belzonius
1301 3653 1413 3720 oboli-

450 3797 546 3853 scum,
568 3788 641 3841 ante
657 3799 801 3863 magnum
816 3777 966 3864 templum
982 3774 1183 3848 collocatum,
1200 3767 1412 3854 inscriptura

450 3927 653 3946 d-—a-n—-u

485 4017 512 4087 ἢ
535 4015 610 4093 Legb
628 4015 737 4074 Travels
754 4017 782 4072 iu
800 4017 894 4094 Egypt.
913 4015 965 4092 aud
982 4013 1077 4086 Nubis,
1095 4034 1154 4095 pag
1172 4017 1214 4072 51.
