3000 4908
1024 503 1073 576 53

172 675 1019 734 Minarrnzrnrnnfflcnronnmatnocflnnnoscc
1125 693 1201 754 pm
1218 689 1239 754 1,

219 766 973 823 cancnrnrnnaanonnmoranncrnnnnoz

183 867 259 926 Ἴσιδι
276 868 432 940 καρποτόκῳ
451 872 552 932 Κέλσος
570 869 631 926 τόδε
649 871 743 946 γράμμ’
764 871 883 944 ἀνέθηκα

134 965 136 972 ’
223 961 364 1027 Μνησθεὶς
381 952 412 1027 ἧς
430 951 530 1024 ἇλόχου
548 961 592 1010 καὶ
609 966 702 1012 τεκέων
721 964 820 1030 φιλίων,

187 1045 244 1096 Καὶ
261 1041 361 1115 πάτρης
378 1047 498 1116 γλυκέρης
515 1046 706 1116 Πτολεμαΐδος,
724 1042 755 1114 ἣν
773 1051 891 1116 ἐποίησεν

222 1130 326 1202 Σωτὴρ,
341 1110 464 1198 Ἑλλνῗνων
481 1132 622 1202 Νιλογενὲς
639 1137 757 1202 τέμενος.

116 1273 155 1336 ln
177 1268 309 1336 disticho
331 1273 438 1358 priore
460 1271 504 1336 17
521 1283 569 1337 est
591 1293 650 1359 pro
674 1273 726 1350 Π,
750 1279 788 1347 ω
809 1293 868 1358 pro
891 1270 941 1354 Ω,
962 1279 985 1346 Ε
1007 1295 1068 1362 pro

120 1384 163 1460 Ε,
193 1389 224 1461 Α
249 1405 309 1469 pro
331 1382 382 1462 A,
404 1385 437 1448 in
458 1405 524 1448 nno
548 1379 703 1472 ἀνέθηκα
725 1387 810 1470 prius
833 1384 926 1469 alpha
949 1396 996 1451 est
1017 1387 1068 1464 A;

120 1497 151 1558 in
178 1493 310 1560 disticho
338 1497 516 1580 posteriore
540 1498 636 1582 [pro
659 1494 700 1560 Σ
718 1500 752 1561 in
772 1490 900 1583 πάτρης
923 1508 954 1560 et
975 1501 1068 1582 τέμε-

115 1626 189 1683 νος;
216 1607 292 1671 ΛΛ
322 1605 582 1693 congllitinatum,
610 1608 647 1672 A
668 1609 762 1674 solita
788 1608 898 1673 sonna.
950 1608 1068 1673 Secun-

118 1717 192 1782 dum
226 1718 382 1804 distichon
411 1719 520 1805 paullo
550 1719 724 1785 minoribus
752 1721 850 1786 literis
879 1740 1067 1805 expressum,

117 1833 216 1896 serius
246 1831 286 1896 ab
313 1835 384 1918 ipso
408 1831 508 1897 Celso
539 1836 716 1919 appositum
738 1832 871 1897 videtur.
922 1831 999 1895 Non
1022 1830 1069 1896 of-

116 1942 251 2008 fendunt
272 1947 304 2008 in
326 1947 531 2029 inscriptione
553 1945 687 2010 formae:
716 1945 891 2023 ὲποίησσεν
913 1953 944 2008 et
966 1943 1069 2008 Nolo·

116 2048 213 2139 γενής
226 2053 275 2137 *);
307 2059 398 2121 etiam
420 2051 558 2141 γράμμα
579 2078 755 2144 perunum
779 2057 824 2120 M
839 2061 988 2141 scriptum
1010 2065 1066 2120 est.

117 2168 240 2254 Quarto
262 2190 358 2232 versu
381 2190 501 2233 comma
523 2180 597 2260 post
618 2161 744 2256 Σωτήρ
767 2171 927 2257 ponimus,
952 2190 995 2232 ne
1021 2166 1068 2231 ul'-

116 2283 190 2345 tima
211 2279 309 2345 verba
330 2278 477 2366 languida
497 2278 593 2346 fiant..

181 2394 271 2456 Haec
292 2394 453 2478 inscriptio
477 2390 525 2463 de¹
541 2403 684 2478 tempore
699 2390 902 2456 Ptolemaidis
918 2389 1065 2470 conditae

116 2507 266 2570 certiores
281 2525 341 2568 nos
356 2505 438 2568 facit.
475 2503 599 2572 Multae
613 2515 686 2570 sunt
705 2502 801 2569 urbes
817 2507 944 2570 nominc
958 2502 1067 2569 Ptole-

90 2605 95 2612 *
115 2617 233 2694 maidis,
247 2626 358 2680 nostro
375 2615 509 2682 carmine
525 2628 630 2682 autem
645 2603 817 2682 Thebaidis
833 2613 1065 2698 Ptolemaisfl)

116 2727 322 2814 significatur,
351 2729 438 2813 cujus
465 2728 662 2794 conditorem
683 2729 900 2794 Ptolemaeum
922 2728 1067 2793 Soterem

116 2841 212 2904 fuisse
224 2842 285 2926 jam
295 2841 471 2925 ¹suspicatus
486 2852 536 2906 est
545 2840 806 2906 clanBoeclihius
818 2841 1065 2929 inexplicatione

113 2955 232 3039 'papyri
253 2955 356 3038 paeni
377 2955 421 3039 (p.
447 2953 529 3032 ln),
557 2953 652 3018 simul
672 2955 822 3032 afferenS,
843 2957 917 3040 regi·
930 2957 968 3018 in
984 2951 1065 3018 urbo

117 3085 174 3130 sna
195 3064 312 3154 templa
335 3075 368 3130 et
388 3063 570 3130 sacerdotes
593 3070 779 3132 constitutos
801 3066 911 3134 fuisse.¹
957 3065 1065 3130 Ptole-

118 3177 251 3242 maidem
278 3186 416 3241 nostram
438 3179 471 3242 in
493 3188 582 3264 parte
604 3179 671 3243 Nili
692 3178 815 3265 Libyca
833 3181 922 3264 inter
942 3177 1066 3266 Apolli-

118 3287 261 3372 nopolim
281 3310 408 3374 parvam
432 3299 464 3353 et
484 3288 635 3378 Abydum
658 3293 747 3355 sitam
769 3291 874 3368 fuisse,
897 3289 994 3357 docet
1014 3292 1067 3355 Iti·

117 3420 219 3463 nerar.
247 3401 415 3482 Antonini,
441 3401 492 3468 ed.
521 3401 730 3488 Wesseling„
746 3425 778 3490 p.
809 3403 900 3482 158„
929 3423 1066 3488 quocum

114 3575 316 3593 -——

150 3681 177 3752 ⁴)
199 3686 307 3739 Νείλοιο
326 3686 393 3757 πρὸς
411 3691 472 3738 πῖον
489 3687 594 3754 τεριενος
612 3686 743 3756 Κρονίδα.
772 3679 847 3736 Plntl.
865 3677 941 3754 Pylh.
958 3676 1005 3748 IV,
1023 3658 1068 3737 93

186 3767 227 3824 erl
244 3768 379 3826 Boeclrhii.

152 3853 192 3924 ²⁴⁴)
207 3857 315 3928 Ἑρμίου
333 3861 492 3932 Πτολεμαῒς.
520 3853 563 3916 Cl.
581 3853 741 3930 wesseling.
759 3853 939 3914 adfflieroclia.
951 3849 1064 3930 Syneon.

187 3959 213 4018 p.
232 3945 297 3999 731.
405 4011 407 4014 Ι
505 3959 507 3966 ’
