2966 4916
423 342 472 415 70

251 519 327 586 Pras
346 519 374 577 n
423 520 551 584 storiam
573 536 680 604 regum
702 517 898 602 Aegyptiet
918 513 1090 602 cambysis
1118 515 1242 602 (nepte
1263 511 1310 582 ad
1336 515 1408 594 ΙΙΙ,

424 633 488 713 37)
511 626 664 696 laudabili
686 650 756 694 curn
777 627 957 714 prolixitate
971 637 1090 712 namot,v
1105 613 1264 724 hpsquam
1277 638 1406 694 autem
1453 621 1454 716 ί

423 741 556 820 mhinm,
579 763 658 827 quas
680 743 712 806 in
733 743 846 806 itinere
868 743 1057 818 visitaverat,
1078 719 1213 807 indicem
1235 737 1407 818 exhibuit,

423 858 524 920 rarius
547 853 736 939 templorum
758 857 951 920 mentionem
973 853 1060 931 facit,
1082 853 1269 939 plerumque
1294 856 1407 938 quasi
1453 831 1454 892 3

423 967 634 1056 praeteriens,
661 987 731 1030 eum
752 963 875 1034 infinita
899 987 1009 1032 corun
1030 964 1199 1032 multitudo
1220 968 1255 1030 in
1276 965 1408 1050 Aegy-

424 1089 481 1165 pto
509 1087 601 1144 esset.
654 1077 772 1144 Totunr
799 1100 930 1164 regrum
958 1076 1019 1144 sub
1040 1077 1163 1142 Amasis
1184 1080 1318 1164 imperio
1347 1081 1406 1142 vi-

424 1193 500 1277 ginti
523 1188 620 1256 millia
642 1189 768 1256 urbium
791 1189 1083 1278 comprehendisse,
1109 1192 1179 1277 ipse
1201 1169 1318 1254 auctor*
1343 1202 1402 1254 est
1453 1183 1454 1232 i

425 1304 563 1382 11,177.
599 1302 726 1389 Majora
748 1313 868 1368 tantum
889 1313 1091 1368 monumenta
1114 1301 1242 1368 uberim
1263 1313 1398 1380 tractat,

425 1427 461 1482 ut
489 1413 702 1502 labyrinthum
733 1425 764 1478 ct
793 1414 986 1500 pyramides,
1021 1425 1126 1487 cetera
1153 1416 1281 1480 nonnisi
1314 1437 1396 1478 cum
1453 1487 1454 1508 ,

426 1550 550 1614 regma,
572 1530 877 1613 quiexshuxerant,
900 1530 1058 1594 momoria.
1103 1527 1206 1594 Etiam
1229 1529 1256 1592 si
1276 1527 1395 1594 Philas

426 1639 570 1718 vidisset,
606 1661 674 1704 non
711 1650 988 1705 commemorasset
1025 1639 1176 1718 fortasse,
1213 1661 1283 1707 cum
1315 1662 1393 1706 non

426 1763 489 1819 tam
522 1761 798 1818 rnonurnentomm
831 1750 1044 1836 magnitudine
1079 1749 1254 1839 praecellat
1280 1753 1393 1818 insula

428 1885 521 1950 quam
543 1866 620 1930 situs
644 1865 841 1942 amoenitate,
864 1866 915 1928 eui
934 1867 1063 1930 ormrino
1085 1875 1210 1930 veteres
1231 1863 1311 1930 nihil
1335 1868 1393 1931 tri-

426 1975 574 2069 buerunt.
890 2015 892 2020 ,
1216 1997 1268 2063 (a

470 2131 473 2136 -
493 2088 643 2172 Denique
665 2090 817 2174 insignem
833 2090 925 2153 etiam
942 2087 1028 2175 apud
1042 2076 1220 2176 Aegyptios
1228 2087 1300 2154 ioci
1314 2111 1391 2156 san-

429 2202 565 2266 ctitatem
588 2198 986 2287 silentiopraeterrnissam
1010 2223 1088 2280 esse,
1110 2205 1266 2268 neminem
1283 2201 1390 2270 otten-

429 2311 491 2390 det,
514 2313 577 2398 qui,
600 2323 716 2399 quanta
738 2312 929 2378 verecundia
950 2317 983 2378 in
997 2313 1094 2380 rebus
1111 2309 1232 2394 divinis,
1253 2319 1389 2383 maxime
1453 2333 1454 2350 ¹

427 2426 639 2512 Aegyptiacis,
654 2424 856 2492 Herodotum
871 2429 1024 2521 tenuerit,
1040 2429 1198 2514 cognitum
1212 2425 1309 2493 hahet
1322 2427 1369 2509 *).
1453 2473 1454 2502 η

242 2558 392 2626 stephanus
501 2537 652 2625 Stephani
686 2537 834 2623 Byzantii
869 2538 942 2621 (vel
978 2541 1193 2625 epitomatoris
1229 2541 1317 2626 ejus)
1354 2553 1389 2607 et

183 2701 184 2708 ,
234 2629 397 2700 Byzantius.
428 2660 707 2718 commentatorum
746 2671 851 2728 error,
887 2653 949 2738 jam
988 2673 1006 2716 a
1040 2650 1113 2716 clar.
1148 2650 1386 2740 Oudendorpio

429 2771 690 2829 commemoratus
719 2761 781 2842 (ad
805 2764 923 2828 Lucan.
946 2763 1053 2830 Phars.
1082 2763 1119 2842 X,
1147 2765 1249 2846 320),
1276 2770 1387 2852 paucis

428 2873 604 2960 tangendus
629 2884 684 2939 est.
730 2875 817 2940 Dicit
836 2879 921 2942 ,enim
944 2897 968 2940 s.
991 2898 1021 2941 v.
1049 2875 1151 2942 Φίλαι
1172 2911 1217 2926 --
1240 2878 1307 2942 ίστι
1327 2881 1388 2944 καὶ
1453 2911 1454 2948 r

428 2986 531 3066 νῆσος
545 2979 725 3070 Αἰγύπτου,
745 2981 933 3076 Ἡροδότου
955 2980 1103 3070 τετάρτη,
1125 2988 1179 3052 ἐπὶ
1200 2981 1260 3055 τὸν
1280 2983 1385 3054 πότοι-

428 3119 494 3184 μον
522 3089 584 3163 τὸν
605 3099 726 3182 μέγαν,
756 3089 784 3184 ᾦ
806 3096 915 3184 ὄνομα
943 3099 1070 3182 Τρίτων
1091 3100 1180 3166 ἐστίν
1202 3095 1387 3180 ἐκδιδόντος

428 3214 463 3286 ἐς
484 3209 605 3294 λίμνην
626 3205 775 3294 μεγάλην
795 3211 990 3300 Τριτωνίδα.
1013 3248 1057 3260 --
1080 3209 1163 3278 Cum
1184 3216 1217 3278 in
1240 3212 1386 3280 omnibus

430 3321 590 3391 Herodoti
623 3319 815 3390 editionibus
843 3323 913 3390 Lib.
949 3325 1005 3388 IV.
1035 3347 1060 3389 e
1094 3326 1159 3390 178
1194 3319 1285 3403 dte,
1317 3347 1384 3393 non

448 3551 492 3619 ¹⁸)
508 3547 542 3618 Π,
560 3551 586 3606 3.
600 3558 666 3606 extr.
678 3553 714 3606 τοὶ
732 3557 778 3622 μέν
796 3572 842 3605 νυν
861 3559 925 3606 θεῖα
937 3547 994 3604 Ιτῶν
1013 3546 1198 3622 ἀπηγημάτων,
1216 3551 1260 3602 οἷν
1277 3541 1379 3612 ἤκουον,

502 3633 549 3694 οὖν
572 3629 630 3711 εἰμίι
647 3635 791 3712 πρόθυμος
814 3642 961 3708 ίξηγέεθαι,
982 3641 1027 3696 ἔξω
1046 3634 1063 3706 ἢ
1080 3636 1115 3690 τὰ
1134 3631 1269 3705 οὐνόματα
1286 3626 1381 3686 αἰτίων

501 3724 614 3796 μοῦνον·
636 3728 748 3798 νομίζων
767 3715 867 3783 odero}
885 3719 1045 3794 ἀνθρώπους
1062 3728 1118 3776 ἴσον
1135 3723 1195 3792 περὶ
1212 3713 1310 3772 αὐτέων
1325 3723 1380 3773 irri-

503 3820 634 3867 οταοθαι·
652 3812 687 3866 τὰ
703 3807 761 3867 o’dr
777 3805 928 3880 ίπνμνησθῶ
939 3803 1046 3871 αὐτέων,
1066 3807 1129 3862 ὑπὸ
1146 3803 1205 3862 τοῦ
1222 3802 1319 3877 λόγον
1333 3811 1379 3868 ἰξ-

503 3897 769 3970 οναμναζόμενος
787 3889 1023 3964 ἐπιμνησθήσομαι.
1043 3920 1075 3932 -
1097 3922 1128 3934 -·
