3004 4922
465 441 518 520 28

298 634 377 694 Pras
394 635 412 692 ι,
465 638 702 708 persequamur,
730 614 786 680 ubi
812 637 980 683 numerosa
1001 619 1083 686 muri
1108 617 1210 686 oversr'
1236 618 1431 706 fragmenta,

465 731 630 818 scalasque
657 728 698 794 ad
719 729 827 794 Nilum
851 728 1043 794 deducentes
1071 729 1135 810 <ad
1155 731 1206 812 H)
1232 733 1430 798 invenimus.

466 821 549 912 Cum
583 841 777 928 singulorum
810 840 962 927 gradumn
995 839 1128 906 latitudo
1158 843 1261 906 minor
1278 845 1328 908 sit
1360 867 1431 930 pro

464 958 587 1020 ratione
621 951 808 1030 altitudinis,
841 975 859 1015 a
885 973 1006 1018 summo
1040 952 1081 1017 ad
1113 955 1206 1018 imum
1234 953 1433 1041 despicienti

465 1068 593 1132 nimium
621 1066 808 1150 praecipites
836 1075 1012 1151 apparent..
1054 1064 1200 1144 Fluvius,
1234 1088 1297 1152 qua
1323 1070 1432 1132 imum

466 1175 595 1264 gradum
617 1174 721 1254 alluit,
743 1174 913 1242 admodum
935 1187 983 1240 est
1002 1175 1186 1263 probmdus,
1207 1179 1250 1242 ita
1271 1189 1306 1242 ut
1326 1183 1433 1244 maxi-

467 1291 524 1356 mis
546 1285 679 1353 nauibus
702 1287 824 1352 facilem
840 1287 1116 1374 appropinquandi
1136 1287 1242 1354 locum
1257 1290 1429 1376 praebeat

467 1401 583 1485 Neque
607 1398 793 1488 dubitamus,
816 1402 892 1484 quin
913 1397 958 1464 ibi
980 1401 1148 1485 antiquitus
1169 1404 1429 1492 unicuspompis

466 1514 563 1576 sacris
580 1511 762 1599 appellendi
784 1511 873 1577 locus
890 1511 991 1576 suerit.
1029 1511 1319 1597 splendidissimum
1327 1517 1430 1580 baud

408 1705 411 1712 Ι
468 1621 565 1688 dubie
598 1623 811 1710 spectaculum
845 1626 940 1690 totius
970 1623 1071 1690 cultus
1100 1627 1275 1711 aegyptiaci
1301 1646 1429 1712 pompa

466 1735 616 1802 solemnis
645 1736 717 1813 luit,
753 1757 834 1822 quae
864 1733 905 1800 ad
932 1759 1020 1800 sacra
1048 1735 1206 1800 Philensia
1235 1734 1427 1803 ducebatur.

466 1848 546 1913 Eam
569 1849 786 1933 antiquissimis
809 1846 1005 1933 temporibus
1026 1850 1153 1914 nonnisi
1175 1871 1193 1912 a
1214 1847 1344 1912 meridie
1367 1871 1428 1934 ap-

467 1962 697 2046 propinquasse
719 1961 893 2044 opinamur.
932 1962 970 2025 ln
991 1959 1178 2046 templorum
1202 1971 1234 2024 et
1254 1962 1428 2045 hypogeo·

466 2093 535 2135 rum
564 2065 735 2156 parietibus
763 2080 849 2134 tanta
876 2070 1043 2136 multitudo
1066 2055 1253 2158 singularum
1282 2093 1427 2158 pompae

467 2185 600 2269 partimn
630 2191 754 2245 servata
782 2193 843 2260 est,
873 2193 909 2247 ut
936 2194 1003 2248 tota
1030 2182 1131 2268 figura
1159 2194 1191 2248 et
1218 2182 1300 2248 ordo
1329 2187 1426 2268 quasi

466 2313 618 2382 praesens
641 2297 857 2380 conspiciatur.
896 2294 1063 2380 Reliquiae
1087 2293 1228 2359 detectae
1250 2294 1424 2381 aliquoties

467 2409 501 2471 in
544 2427 657 2492 magno
703 2405 910 2493 expeditionis
951 2405 1082 2493 gallicae
1126 2427 1224 2494 opere
1266 2404 1425 2472 laudabili

468 2518 628 2604 diligentia
670 2528 923 2604 repraesentatae
967 2529 999 2583 et
1040 2517 1216 2583 felicissime
1253 2516 1424 2603 suppletae

428 2602 435 2621 ι
468 2643 541 2696 sunt
554 2630 599 2711 *).
632 2681 637 2691 .

270 2750 443 2835 Perferyttum
539 2739 619 2806 Inde
648 2764 668 2807 a
695 2741 787 2807 scalis
818 2742 889 2822 (ll)
915 2741 1111 2806 occidentem
1143 2761 1253 2806 versus
1287 2739 1423 2806 alterum

261 2824 443 2877 merrdwaate.
467 2854 663 2942 peristylinm
693 2853 747 2935 (l)
780 2857 950 2939 reperitur,
987 2852 1235 2940 quattuordecim
1264 2851 1422 2918 columnis

469 2977 631 3044 constans,
661 2987 742 3052 quae
764 2964 930 3051 peristylio
954 2964 1098 3034 orientali
1120 2966 1189 3048 (A)
1216 2975 1248 3030 et
1268 2968 1424 3050 magrntu-

463 3061 543 3143 'dine
572 3075 703 3156 cedunt,
729 3098 790 3144 nec
817 3087 880 3142 tam
908 3075 991 3142 bene
1013 3087 1155 3142 servatae
1176 3086 1258 3141 sunt.
1309 3075 1423 3142 Trium

469 3199 630 3277 portarum
651 3192 781 3276 vestigia
803 3188 1088 3267 animadvertimus,
1117 3210 1247 3274 quarum
1269 3186 1352 3252 duae
1373 3187 1423 3255 la-

469 3300 584 3366 terales
613 3301 665 3381 (1¹
700 3311 732 3366 et
759 3303 818 3383 1⁸)
844 3301 930 3366 haud
957 3311 1042 3366 certa
1068 3300 1325 3366 architectonicas
1346 3299 1423 3387 lege

469 3423 542 3477 sunt
564 3411 751 3480 collocatae.
795 3413 937 3480 Diversis
961 3416 1042 3477 enim
1064 3410 1217 3476 colummis
1239 3409 1325 3476 affixi
1345 3425 1421 3480 sunt
1475 3397 1476 3482 l

469 3535 631 3612 portarum
659 3535 781 3612 postes,
809 3536 905 3612 prout
932 3523 1154 3590 accedentibus
1180 3522 1255 3589 inde
1283 3523 1417 3590 alitore

472 3636 741 3702 commodissimus
775 3635 834 3701 fuit
865 3641 1031 3724 ingressus.
1090 3638 1175 3703 Tota
1207 3635 1263 3700 illa
1296 3636 1416 3700 insulae

469 3759 558 3834 parte
580 3768 735 3834 nusquam
758 3741 941 3835 angulor'mn
963 3759 1120 3814 rectorum
1142 3750 1222 3814 ratio
1241 3746 1348 3812 habita
1363 3759 1421 3827 est,

503 3991 530 4062 o
549 3991 643 4052 urar.
661 3991 695 4048 aa
712 3949 777 4066 rag.
795 3992 900 4068 anuqa
919 3989 959 4048 rr.
976 3989 1021 4058 ru,
1039 3993 1063 4045 a
1082 3993 1125 4046 aa.
1143 3992 1186 4047 u.
