3026 4920
1036 368 1085 442 39

23 613 25 634 ἱ
130 565 201 612 esse
220 545 253 610 in
273 542 399 632 templis
422 554 456 608 ot
477 544 643 630 hypogeis.
675 541 908 636 ,Adspiciuntur
923 544 1005 608 enbn
1021 554 1085 608 tum
1141 557 1255 615 Parrl.

23 635 25 663 ²
126 662 160 723 in
188 649 314 735 tabulis,
346 681 377 720 v.
409 678 435 719 e
466 657 558 740 equi,
591 657 673 741 regis
703 677 796 719 curru
823 657 937 741 juncti;
967 653 1085 734 boves,

23 767 25 778 ’
124 782 260 836 aratrum
283 756 459 843 trahentem
482 771 603 845 arietes,
625 771 713 845 asim,
736 759 858 853 caprae,
881 785 988 832 coram
1011 789 1087 854 pos·

31 865 35 872 ⁸
121 905 251 949 sessore
282 891 499 955 enumeratam
535 891 600 945 tum
629 891 734 945 autem
762 883 963 965 reperiuntur
990 880 1084 965 signis

122 995 373 1082 hieroglyphicis
395 994 606 1072 intermixtae,
635 995 725 1078 quasi
746 995 780 1056 in
802 1003 951 1058 contextu
980 991 1085 1058 litera-

124 1131 195 1173 rum
219 1118 251 1173 et
272 1103 452 1182 verborum,
476 1103 531 1170 ubi
552 1105 653 1170 multo
670 1108 798 1195 ,cautius
821 1105 861 1170 de
885 1127 991 1172 earum
1014 1125 1085 1170 sen-

23 1195 25 1234 ⁵
125 1223 227 1300 tentia
247 1216 518 1304 pronunciandum
542 1229 604 1294 est;
631 1219 740 1281 harmn
762 1214 892 1282 maxima
912 1240 985 1305 pars
1009 1239 1084 1284 aves

23 1341 24 1346 ’
129 1341 219 1409 sunt,
241 1329 363 1415 quales:
389 1329 456 1409 ibis,
477 1330 572 1408 falco,
594 1329 710 1407 vultur,
733 1352 815 1407 anas,
839 1351 931 1394 anser
955 1342 1023 1408 etc,
1046 1353 1084 1396 ex

132 1440 387 1527 quadrupedibus
409 1442 477 1522 leo,
506 1443 583 1520 alia3
609 1446 710 1507 rarius
733 1446 870 1508 occurrit
894 1441 1083 1519 crocodilus,

131 1557 219 1640 cujus
247 1565 352 1618 tamen
381 1567 473 1640 caput
498 1560 681 1642 saepissime
709 1557 847 1621 humano
876 1558 1005 1640 corpori
1030 1557 1085 1619 im-

91 1665 99 1676 '
126 1671 265 1752 positum
296 1680 351 1732 est.
403 1669 480 1734 Duo
509 1669 701 1733 camelorum
733 1671 833 1754 capita
863 1667 1085 1731 excellentissi-

125 1801 196 1843 mus
226 1803 244 1843 a
273 1780 426 1845 Minutoli
454 1783 488 1846 in
515 1779 658 1846 obelisco
689 1778 846 1844 Thebano
881 1777 942 1859 (ad
971 1801 1084 1865 pagum

124 1892 253 1972 Luxor)
274 1896 456 1959 accuratius
477 1891 670 1968 delineavit3
693 1893 872 1962 *Belzonius
894 1889 976 1956 inter
997 1893 1084 1977 signa

122 2005 364 2091 hieroglyphice
395 2027 524 2091 ‚equum
570 2017 601 2071 et
640 2004 915 2092 camelopardalim
952 2007 1082 2089 reperit;

122 2119 243 2204 piscem
270 2120 428 2203 nusquam
455 2121 489 2182 in
515 2117 676 2184 literarmn
705 2120 932 2202 consequentia
960 2139 1085 2204 expres-

124 2249 196 2293 sum
219 2251 286 2294 esse
306 2233 513 2300 meminimus.

194 2341 298 2428 Prope
328 2343 488 2434 elephanti
518 2343 651 2408 fonnem
679 2346 712 2406 in
741 2354 836 2428 porta
866 2342 929 2425 (d)
958 2341 1084 2406 concla-

127 2457 178 2519 via
198 2455 353 2520 nonnulla
374 2467 455 2535 sunt,
479 2471 563 2542 qnae
586 2465 659 2518 ante
675 2456 742 2535 ,hos
762 2458 886 2542 triginta
904 2476 1004 2520 annos
1020 2442 1108 2518 via-³

128 2567 248 2632 toribus
272 2567 391 2654 gallicis
413 2567 580 2654 patebant,
606 2589 692 2632 nrmc
721 2577 823 2632 autem
850 2570 1008 2632 ruinarum
1031 2589 1084 2632 co-

126 2683 179 2766 pia
202 2680 338 2746 obstruit
361 2679 485 2760 aditrrm.

194 2792 247 2856 Ad
276 2796 386 2857 atrium
415 2794 534 2854 reversi
554 2794 587 2856 in
610 2803 700 2877 parte
721 2790 963 2879 septentrionali
986 2789 1084 2856 sacel—
1127 2807 1260 2888 Sacellum

130 2903 193 2967 lum
217 2909 371 2969 cernimus
393 2901 501 2988 lapide
523 2907 671 2988 granitioo
695 2904 824 2983 factum,
850 2909 931 2970 imae
953 2903 1082 2990 pylonis
1104 2887 1284 2949 3'“²'“³⁶'‘⁵'''·

133 3013 200 3080 alae
227 3019 324 3098 (Νι)
346 3013 533 3093 adhaerens,
559 3020 640 3082 saxis
664 3028 768 3082 autem
789 3021 833 3096 ita
856 3017 1020 3095 obrutmn,
1048 3027 1083 3082 ut

134 3149 225 3214 aegre
248 3129 328 3194 adiri
350 3130 456 3214 possit.
494 3128 671 3220 Altitudine
695 3142 726 3195 et
748 3129 914 3195 latitudine
937 3153 992 3195 sex
1014 3129 1082 3194 fere

135 3241 235 3326 pedes
270 3250 391 3335 aequat.
449 3240 551 3305 Tecto
579 3263 649 3305 cum
680 3254 797 3320 careat,
833 3247 986 3307 internam
1007 3243 1081 3328 ,ejus

127 3363 264 3438 partem,
284 3355 367 3417 notis
382 3351 636 3438 .bieroglypbicis
659 3355 823 3441 repletam,
843 3356 966 3420 'facilius
989 3375 1082 3441 quam

116 3478 300 3542 =extemam,
328 3467 487 3551 parietinis
511 3464 695 3544 obductam,
725 3471 899 3533 examinare
921 3467 1009 3541 licet;
1038 3469 1084 3551 ja-

124 3599 217 3643 nuam
254 3589 358 3643 tamen
392 3599 503 3644 versus
538 3577 649 3642 atrium
677 3578 814 3644 adfuisse
844 3578 938 3644 docet
966 3576 1081 3664 globus

129 3687 239 3769 alatus,
275 3693 330 3777 qui
360 3693 394 3755 in
428 3700 518 3776 parte
548 3701 675 3755 externa
706 3715 724 3757 e
751 3691 901 3779 ruderum
934 3693 1090 3778 congerie.

26 3861 33 3880 Χ
126 3803 249 3868 ,eminet
300 3803 495 3869 Recentiore
517 3813 661 3889 tempore
684 3803 841 3892 adjectam
861 3825 932 3869 esse
957 3803 1082 3870 aedieu

133 3905 315 3994 basulam,
337 3932 411 3982 non
438 3914 543 3991 solum
568 3928 677 3983 mouet
699 3915 805 3996 locus,
833 3934 901 4006 quo
921 3915 1081 3982 collocato
