3026 4920
474 427 524 504 14

302 619 415 681 Paret
473 605 620 696 pliniana,
666 601 948 690 pensitatores
986 596 1026 665 ab
1064 599 1198 666 manis
1235 591 1434 667 dicernere.

474 718 574 806 Quod
600 719 633 782 in
662 713 851 782 effodiendis
879 709 1003 799 'templis
1036 710 1077 777 ad
1103 713 1351 800 inveso'gmdum
1381 736 1437 779 sa·

474 833 619 908 marium,
647 838 681 894 et
708 825 929 893 delineandam
949 824 1058 912 templi
1078 824 1225 904 ienuam,
1249 825 1335 890 haud
1356 849 1437 912 par-

473 963 538 1010 vae*
567 952 615 1007 est
642 940 790 1006 utilitatis.
846 938 881 1004 Si
908 939 991 1004 euim
1018 939 1052 1002 in
1077 938 1286 1004 fundamenn's
1313 949 1437 1026 portae

473 1056 636 1139 vestigium
657 1055 829 1132 inveneris,
857 1053 954 1115 totius
976 1070 1118 1114 camerae
1145 1053 1335 1136 positionem
1356 1072 1437 1115 ver-

474 1187 528 1234 sus
556 1165 698 1253 adytum,
733 1184 798 1250 quo
827 1162 1014 1250 plerumque
1042 1161 1287 1228 asservabantur
1309 1163 1436 1228 sacella

473 1277 663 1358 monolitha,
684 1275 769 1344 facili
790 1277 919 1362 negotio
943 1277 1122 1364 constituas.

327 1405 338 1456 a·
391 1402 419 1454 ie
449 1437 458 1466 ,
540 1391 612 1456 Jam
641 1386 681 1455 ad
702 1387 908 1475 peristylium-
920 1385 1096 1452 redeamus.
1145 1389 1185 1452 lu
1212 1407 1276 1473 quo
1306 1409 1345 1452 ex
1371 1387 1435 1454 illa

401 1490 434 1525 ⁰²¹
474 1503 590 1569 buum
609 1522 722 1567 norma
743 1501 907 1586 conjicias,
927 1521 1088 1586 uunquam
1110 1497 1162 1563 alii
1183 1497 1329 1564 aedificio
1353 1521 1434 1566 con·
1496 1573 1497 1592 χ

474 1618 592 1704 tignum
620 1615 731 1690 fusse,
759 1632 865 1698 neque
892 1611 926 1676 id
947 1612 1087 1689 lictdsse,
1115 1610 1173 1676 sed
1193 1622 1432 1676 monumentum

474 1737 655 1816 separatum
675 1745 799 1809 semper
825 1727 986 1790 exstitisse.
1039 1723 1174 1808 Singulis
1198 1725 1264 1810 ejus
1286 1723 1430 1809 partibus

476 1840 655 1906 examinatis
688 1836 884 1923 intelligitis,
904 1855 1002 1922 'opus
1034 1856 1102 1902 non
1135 1833 1315 1900 absolutius
1348 1857 1424 1901 esse.

374 1937 378 1946 ⁵
476 1950 704 2018 Columnarum
733 1948 868 2036 capitula
898 1947 973 2014 olim
1002 1947 1128 2035 quidem
1155 1946 1309 2034 perfecta,
1343 1969 1431 2013 nunc

475 2059 661 2150 plerumque
689 2069 781 2145 rupta
809 2071 841 2126 et
869 2058 972 2126 diruta
999 2071 1087 2136 sunt;
1119 2058 1295 2126 inferiores·
1314 2072 1432 2146 partes,

476 2192 544 2238 uon
565 2173 625 2236 nisi
647 2173 727 2236 saxis
755 2170 887 2238 rudibus
916 2165 1106 2252 exstructae,
1134 2170 1348 2250 stereobatae,
1377 2175 1433 2236 eui

477 2281 644 2350 oolunmae
672 2292 745 2348 sunt
766 2286 940 2372 impositae,
962 2284 1143 2371 adspectum
1164 2282 1328 2372 praebent.
1377 2284 1433 2349 ln·

476 2397 610 2462 teriones
638 2394 793 2482 peristylii
820 2398 956 2482 parietes
984 2399 1174 2463 ornamentis
1195 2399 1342 2482 notisque
1363 2395 1433 2461 hie-

476 2503 669 2592 roglyphicis
695 2509 843 2594 insigniti,
872 2529 933 2572 nec
959 2519 1065 2574 tamen
1092 2517 1193 2575 totum
1220 2529 1302 2594 opus
1323 2507 1432 2594 perfe-

477 2627 561 2682 ctum
589 2628 645 2682 est.
697 2617 797 2704 Quod
825 2619 1021 2686 occidentem
1047 2630 1169 2706 spectat
1179 2601 1325 2686 'aedificii
1345 2620 1431 2688 latus

477 2728 572 2816 plane
593 2732 787 2817 incomptum
807 2735 934 2809 mansit3
961 2755 1023 2820 qua
1038 2743 1141 2820 parte
1162 2742 1266 2798 autem
1286 2751 1354 2797 uon
1376 2753 1431 2798 ex-

477 2849 561 2906 stant
588 2841 708 2907 formae
729 2843 998 2931 hieroglyphieae,
1025 2844 1163 2910 leviores
1183 2841 1352 2932 figurarem
1374 2843 1431 2910 ad-

477 2951 707 3034 umbrationes,
739 2955 839 3043 lapidi
863 2959 990 3036 moises,
1024 2956 1200 3044 dignoscas.
1255 2958 1293 3022 ln
1320 2956 1428 3023 medio

478 3063 628 3152 epistylio
650 3087 747 3154 super
767 3079 931 3156 utramque
952 3080 1075 3156 portam
1097 3067 1210 3156 globus
1231 3065 1333 3134 alatus
1357 3091 1430 3156 spe·

479 3187 592 3256 claun,
619 3178 708 3265 quod
728 3183 762 3246 iu
782 3191 924 3247 veterum
944 3182 1174 3268 Aegyptiorum
1195 3179 1346 3248 aedificiis
1366 3192 1430 3247 ira·

478 3286 610 3354 tascium
638 3303 854 3358 ornamentum
884 3315 954 3359 esse
980 3294 1106 3359 videtur
1131 3304 1292 3382 portemm
1319 3292 1431 3358 lumini

295 3384 439 3492 metiore
477 3405 717 3488 suprapositum.
769 3404 970 3492 Peristylium
990 3409 1168 3472 recentiore
1191 3416 1306 3485 aetate,
1335 3427 1429 3492 quam

279 3497 455 3615 mmmm,
479 3533 542 3599 qua
562 3537 706 3601 magnum
725 3518 884 3605 templum,
906 3517 1104 3584 aedificatum
1126 3539 1204 3596 esse,
1228 3539 1265 3584 ex
1288 3522 1354 3607 ejus
1368 3537 1425 3602 po-

479 3627 593 3692 sitione
614 3630 648 3692 in
668 3631 771 3696 'msrda
793 3642 931 3718 apparet,
952 3631 986 3696 id
1008 3630 1099 3718 quod
1118 3634 1210 3696 etiam
1232 3653 1249 3696 e
1273 3641 1352 3698 statu
1370 3629 1426 3692 im-

479 3743 621 3832 perfecto
655 3744 852 3811 manifestum
884 3754 939 3812 est.
994 3743 1047 3808 Ad
1077 3765 1169 3830 quam
1197 3765 1263 3809 rem
1291 3737 1428 3807 dilucide

480 3855 694 3945 explicandam
715 3859 749 3921 in
769 3858 903 3920 animum
924 3855 1103 3922 revocanda
1125 3867 1205 3935 srmt,
1228 3877 1310 3943 qrrae
1330 3851 1429 3919 modo

480 3968 522 4038 de
542 3968 664 4038 insulae
685 3970 845 4057 positione
866 3972 900 4036 in
921 3969 1027 4036 fluvio·
1040 3962 1226 4036 monuimus.
1276 3967 1349 4032 Jam
1370 3963 1428 4032 illo
