3000 4908
269 595 386 702 Pausi.
439 579 497 648 bet
519 576 758 660 dedicationem,
780 581 933 648 Veneri
961 557 1074 656 iactam
1096 605 1114 647 a
1136 601 1226 668 rege,
1254 575 1414 665 Cleopa-

441 705 489 760 tra
516 714 630 760 sorore
660 705 692 759 et
720 692 896 781 Cleopatra
924 715 1039 774 uxore,
1073 696 1156 758 circa
1185 713 1315 768 annum.
1334 693 1411 756 127

442 829 470 872 a.
494 805 554 874 Ch.
577 825 608 870 n
631 802 676 886 ¹⁵).
650 805 787 892 >Qui
809 804 961 872 sacellum
983 829 1002 870 a
1023 827 1097 893 rege
1119 806 1309 872 Ptolemaeo
1333 803 1412 870 Ve
1488 825 1489 916 p

441 921 512 984 neri
531 919 784 982 'exstructum
813 939 882 982 esse
912 916 1059 997 credunt,
1088 939 1157 982 cum
1185 939 1297 1006 parum
1324 938 1405 1003 pro

442 1027 551 1096 babile
580 1032 632 1108 sit,
659 1019 766 1116 regern
787 1030 974 1116 Euergetem
996 1030 1035 1094 ll.
1064 1031 1129 1096 hoc
1157 1029 1310 1096 sacellum
1335 1026 1410 1094 cul-

443 1145 490 1212 tui
503 1140 702 1228 Aegyptiaco
726 1145 815 1229 quasi
838 1143 989 1228 eripuisse
1006 1154 1037 1208 et
1052 1142 1196 1208 Graecae
1210 1143 1303 1208 Deae
1320 1163 1411 1206 con-

443 1275 602 1333 secrasse,
624 1291 668 1303 -
690 1257 712 1319 ii
733 1252 941 1342 perpendant,
963 1253 1066 1333 velim,
1088 1259 1282 1321 notissimum
1306 1253 1407 1318 illum

444 1365 642 1432 Graecorum
669 1388 804 1444 morem,
834 1386 898 1452 quo
923 1369 1051 1433 omnino
1073 1367 1180 1434 nullos
1203 1368 1282 1434 alios
1305 1367 1407 1433 Deos

445 1490 632 1566 agnoscunt,
663 1500 757 1567 quam
779 1477 937 1557 Graecos,
962 1500 1082 1565 eosque
1105 1484 1197 1545 etiam
1220 1479 1306 1567 apud
1328 1478 1407 1544 bar-

443 1589 550 1671 baros,
572 1602 692 1656 mutato
715 1602 819 1656 tamen
841 1594 978 1670 nomine,
1001 1591 1061 1657 sibi
1081 1589 1224 1658 invenire
1239 1591 1401 1657 videntur.
1488 1577 1489 1662 ἶ

443 1705 541 1792 Apud
562 1707 732 1790 scriptores
754 1725 821 1769 non
842 1703 964 1792 legitur,
986 1705 1163 1792 Aegyptios
1185 1727 1215 1770 v.
1240 1727 1265 1770 o
1289 1705 1404 1790 Neph·

444 1827 504 1904 tyn
533 1817 658 1896 colere,
687 1814 744 1880 sed
772 1817 933 1882 Venerem
963 1815 1003 1884 ab
1031 1820 1069 1882 iis
1090 1813 1246 1904 Nephtyn
1269 1816 1400 1893 dictam,

444 1932 487 1996 ita
511 1927 612 1993 Osiris
636 1949 706 1992 cum
727 1927 855 1993 Baccho
881 1941 912 1994 et
933 1931 1027 2008 Jove,
1049 1932 1106 1994 Isis
1130 1932 1267 2009 cumlo,
1289 1929 1401 1994 Horus

447 2062 518 2106 cum
539 2037 691 2126 Apolline
715 2049 773 2104 etc.
798 2021 1047 2121 conlunduntur,
1069 2041 1154 2108 rmde
1176 2040 1400 2107 inextricabilis

446 2151 502 2218 ille
525 2171 618 2216 error
638 2151 855 2240 mythologiae
870 2159 1086 2242 Aegyptiacae
1109 2178 1128 2219 a
1151 2153 1282 2218 Graecis
1303 2152 1399 2219 nobis

446 2273 589 2330 servatae
626 2274 674 2329 est
708 2275 795 2331 ortus
825 2264 891 2350 l⁸¹⁵).
950 2265 1074 2354 Quibus
1109 2267 1297 2364 perspectis,
1330 2288 1400 2333 non

448 2375 584 2444 absurda
617 2376 743 2442 videtur
777 2381 902 2466 opinio,
935 2379 1122 2465 Euergetem
1149 2380 1189 2443 ΙΙ.
1218 2381 1251 2445 in
1277 2379 1398 2465 templo

446 2491 644 2578 Aegyptiaoo
667 2491 787 2577 Naphti
816 2501 974 2556 exstructo
1002 2502 1112 2574 yotmn
1134 2493 1255 2558 Veneri
1281 2492 1399 2558 factum

448 2623 543 2696 supra
571 2605 684 2688 pronai
712 2613 836 2688 portam
869 2606 1079 2691 inscripsisse,
1110 2605 1144 2670 id
1179 2604 1267 2690 quod
1301 2604 1398 2670 cultui
1488 2635 1489 2638 ¹

448 2715 650 2806 Aegyptiaco
672 2715 794 2792 nullum
818 2712 963 2780 damnum
990 2715 1105 2780 allerre
1128 2713 1329 2808 potuitffl).

260 2837 413 2895 Commotus.
473 2821 484 2842 ⁸
513 2827 600 2890 Inter
622 2826 771 2891 sacellum
794 2829 865 2911 (m)
896 2839 928 2893 et
949 2828 1048 2916 ripam
1068 2828 1190 2894 insulae
1214 2829 1397 2894 orientalem

448 2939 592 3003 introitus
610 2949 663 3026 ‚est
685 2938 725 3004 ad
749 2940 926 3006 cuniculum
949 2943 1013 3024 (n)
1040 2941 1146 3028 lapide
1170 2940 1323 3028 quadrato
1346 2965 1397 3006 ex-

447 3060 605 3130 structum,
628 3063 713 3116 recta
736 3051 820 3118 linea
842 3051 882 3118 ad
905 3057 1060 3140 porticum
1083 3052 1265 3120 orientalem
1288 3048 1396 3120 decdo

446 3174 578 3229 rentem.
632 3163 756 3231 Paucos
787 3169 909 3232 'tantum
942 3188 1052 3253 passus
1085 3169 1118 3230 in
1152 3189 1191 3232 eo
1221 3168 1394 3253 procedere

447 3295 533 3344 nunc
561 3276 648 3341 licet:
677 3276 798 3371 lapides
829 3282 910 3348 enim
941 3281 1040 3366 sparsi
1068 3278 1322 3366 progredientem
1342 3285 1395 3346 im-

447 3387 588 3483 pediunt,
610 3409 683 3454 mox
704 3393 841 3476 parietes
865 3390 998 3477 collapsi
1013 3393 1094 3454 viam
1109 3388 1205 3480 plane
1221 3390 1392 3472 obstrurmt,

483 3661 657 3735 >Leimone
675 3662 727 3720 l.l
745 3683 772 3739 p.
790 3665 831 3719 90.

483 3763 567 3920 ”lscl
586 3763 684 3905 {preld
702 3763 747 3820 lib.
764 3763 795 3818 ll.
832 3761 960 3818 Plutarch.
979 3760 1012 3819 de
1030 3757 1098 3818 lside
1117 3771 1145 3820 et
1163 3761 1277 3824 Osiridc
1315 3763 1390 3824 Diod

539 3870 573 3907 rc.
773 3892 780 3906 .

482 3951 526 4024 *)
545 3948 678 4014 Letronne
695 3949 747 4008 ll
766 3969 791 4028 p
811 3951 852 4008 st.
938 3956 943 3966 '
