<?xml version="1.0" encoding="UTF-8"?>
<!DOCTYPE html PUBLIC "-//W3C//DTD XHTML 1.0 Transitional//EN"
    "http://www.w3.org/TR/xhtml1/DTD/xhtml1-transitional.dtd">
<html xmlns="http://www.w3.org/1999/xhtml" xml:lang="en" lang="en">
 <head>
  <title>
</title>
<meta http-equiv="Content-Type" content="text/html;charset=utf-8" />
  <meta name='ocr-system' content='tesseract 3.04.00' />
  <meta name='ocr-capabilities' content='ocr_page ocr_carea ocr_par ocr_line ocrx_word'/>
</head>
<body>
  <div class='ocr_page' id='page_1' title='image "./dephilisinsulae00partgoog_0022.png"; bbox 0 0 3026 4920; ppageno 0'>
   <div class='ocr_carea' id='block_1_1' title="bbox 1067 455 1090 528">
    <p class='ocr_par' dir='ltr' id='par_1_1' title="bbox 1067 455 1090 528">
     <span class='ocr_line' id='line_1_1' title="bbox 1067 455 1090 528; baseline 0 0"><span class='ocrx_word' id='word_1_1' title='bbox 1067 455 1090 528; x_wconf 83' lang='lat'><strong>7</strong></span> 
     </span>
    </p>
   </div>
   <div class='ocr_carea' id='block_1_2' title="bbox 125 623 1258 3520">
    <p class='ocr_par' dir='ltr' id='par_1_2' title="bbox 125 623 1258 3520">
     <span class='ocr_line' id='line_1_2' title="bbox 139 623 1258 714; baseline 0.004 -15"><span class='ocrx_word' id='word_1_2' title='bbox 139 655 204 702; x_wconf 84' lang='lat' dir='ltr'><strong>rem</strong></span> <span class='ocrx_word' id='word_1_3' title='bbox 231 629 402 698; x_wconf 82' lang='lat' dir='ltr'><strong>clarissimo</strong></span> <span class='ocrx_word' id='word_1_4' title='bbox 424 625 572 714; x_wconf 82' lang='lat' dir='ltr'><strong>exemplo</strong></span> <span class='ocrx_word' id='word_1_5' title='bbox 601 637 665 692; x_wconf 86' lang='lat' dir='ltr'><strong>tres</strong></span> <span class='ocrx_word' id='word_1_6' title='bbox 686 628 827 714; x_wconf 78' lang='lat' dir='ltr'>Aegypti</span> <span class='ocrx_word' id='word_1_7' title='bbox 855 623 950 692; x_wconf 89' lang='lat' dir='ltr'><strong>urbes</strong></span> <span class='ocrx_word' id='word_1_8' title='bbox 979 631 1091 714; x_wconf 85' lang='lat' dir='ltr'><strong>prima·</strong></span> <span class='ocrx_word' id='word_1_9' title='bbox 1146 643 1258 704; x_wconf 70' lang='lat' dir='ltr'><strong>Pausi</strong></span> 
     </span>
     <span class='ocr_line' id='line_1_3' title="bbox 125 737 1091 824; baseline 0.002 -20"><span class='ocrx_word' id='word_1_10' title='bbox 125 749 201 812; x_wconf 67' lang='lat' dir='ltr'><strong>,fiae</strong></span> <span class='ocrx_word' id='word_1_11' title='bbox 222 751 309 820; x_wconf 53' lang='grc' dir='ltr'><strong>ποιῇ</strong></span> <span class='ocrx_word' id='word_1_12' title='bbox 332 737 533 820; x_wconf 84' lang='lat' dir='ltr'><strong>Alexandna‚</strong></span> <span class='ocrx_word' id='word_1_13' title='bbox 554 741 587 806; x_wconf 91' lang='lat' dir='ltr'><strong>in</strong></span> <span class='ocrx_word' id='word_1_14' title='bbox 608 742 701 807; x_wconf 85' lang='lat' dir='ltr'><strong>maris</strong></span> <span class='ocrx_word' id='word_1_15' title='bbox 724 761 781 804; x_wconf 85' lang='lat' dir='ltr'><strong>ora</strong></span> <span class='ocrx_word' id='word_1_16' title='bbox 798 741 910 824; x_wconf 86' lang='lat' dir='ltr'><strong>posita,</strong></span> <span class='ocrx_word' id='word_1_17' title='bbox 932 744 1091 812; x_wconf 83' lang='lat' dir='ltr'>recentior</span> 
     </span>
     <span class='ocr_line' id='line_1_4' title="bbox 137 851 1091 940; baseline -0.006 -16"><span class='ocrx_word' id='word_1_18' title='bbox 137 869 185 924; x_wconf 84' lang='lat' dir='ltr'><strong>est</strong></span> <span class='ocrx_word' id='word_1_19' title='bbox 212 857 280 934; x_wconf 49' lang='lat' dir='ltr'><strong>Saic</strong></span> <span class='ocrx_word' id='word_1_20' title='bbox 306 854 379 924; x_wconf 51' lang='lat' dir='ltr'><strong>¹Sais</strong></span> <span class='ocrx_word' id='word_1_21' title='bbox 401 851 558 938; x_wconf 66' lang='lat' dir='ltr'><strong>Mesphe</strong></span> <span class='ocrx_word' id='word_1_22' title='bbox 587 851 762 940; x_wconf 77' lang='lat' dir='ltr'>Memphis,</span> <span class='ocrx_word' id='word_1_23' title='bbox 789 854 823 916; x_wconf 89' lang='lat' dir='ltr'><strong>in</strong></span> <span class='ocrx_word' id='word_1_24' title='bbox 851 873 971 924; x_wconf 83' lang='lat' dir='ltr'><strong>sunmo</strong></span> <span class='ocrx_word' id='word_1_25' title='bbox 993 852 1091 924; x_wconf 83' lang='lat' dir='ltr'>Delta</span> 
     </span>
     <span class='ocr_line' id='line_1_5' title="bbox 136 961 1092 1049; baseline -0.003 -13"><span class='ocrx_word' id='word_1_26' title='bbox 136 969 272 1047; x_wconf 85' lang='lat' dir='ltr'><strong>condita,</strong></span> <span class='ocrx_word' id='word_1_27' title='bbox 295 991 315 1032; x_wconf 91' lang='lat' dir='ltr'><strong>a</strong></span> <span class='ocrx_word' id='word_1_28' title='bbox 328 962 450 1032; x_wconf 76' lang='lat' dir='ltr'><strong>Thebis</strong></span> <span class='ocrx_word' id='word_1_29' title='bbox 472 973 575 1030; x_wconf 80' lang='lat' dir='ltr'><strong>aetate</strong></span> <span class='ocrx_word' id='word_1_30' title='bbox 596 974 761 1049; x_wconf 82' lang='lat' dir='ltr'><strong>superatur</strong></span> <span class='ocrx_word' id='word_1_31' title='bbox 775 961 819 1044; x_wconf 66' lang='lat'><strong>¹⁵).</strong></span> <span class='ocrx_word' id='word_1_32' title='bbox 855 964 900 1031; x_wconf 89' lang='lat' dir='ltr'><strong>Et</strong></span> <span class='ocrx_word' id='word_1_33' title='bbox 921 961 976 1030; x_wconf 89' lang='lat' dir='ltr'><strong>ubi</strong></span> <span class='ocrx_word' id='word_1_34' title='bbox 996 966 1092 1033; x_wconf 88' lang='lat' dir='ltr'><strong>histo-</strong></span> 
     </span>
     <span class='ocr_line' id='line_1_6' title="bbox 136 1075 1091 1168; baseline -0.002 -20"><span class='ocrx_word' id='word_1_35' title='bbox 136 1086 182 1148; x_wconf 88' lang='lat' dir='ltr'><strong>ria</strong></span> <span class='ocrx_word' id='word_1_36' title='bbox 205 1079 401 1155; x_wconf 78' lang='lat' dir='ltr'><strong>obmutescit,</strong></span> <span class='ocrx_word' id='word_1_37' title='bbox 422 1085 625 1144; x_wconf 86' lang='lat' dir='ltr'><strong>monumenta</strong></span> <span class='ocrx_word' id='word_1_38' title='bbox 645 1075 830 1164; x_wconf 86' lang='lat' dir='ltr'><strong>loquuntur.</strong></span> <span class='ocrx_word' id='word_1_39' title='bbox 866 1075 993 1168; x_wconf 79' lang='lat' dir='ltr'><strong>Nubiae</strong></span> <span class='ocrx_word' id='word_1_40' title='bbox 1009 1081 1091 1150; x_wconf 89' lang='lat' dir='ltr'><strong>enim</strong></span> 
     </span>
     <span class='ocr_line' id='line_1_7' title="bbox 136 1188 1092 1279; baseline -0.006 -17"><span class='ocrx_word' id='word_1_41' title='bbox 136 1193 255 1279; x_wconf 87' lang='lat' dir='ltr'><strong>templa</strong></span> <span class='ocrx_word' id='word_1_42' title='bbox 276 1189 481 1256; x_wconf 80' lang='lat' dir='ltr'><strong>subtenanea</strong></span> <span class='ocrx_word' id='word_1_43' title='bbox 502 1191 674 1256; x_wconf 81' lang='lat' dir='ltr'><strong>vetustiora</strong></span> <span class='ocrx_word' id='word_1_44' title='bbox 697 1209 766 1258; x_wconf 89' lang='lat' dir='ltr'><strong>esse</strong></span> <span class='ocrx_word' id='word_1_45' title='bbox 790 1188 934 1262; x_wconf 81' lang='lat' dir='ltr'><strong>omnibus</strong></span> <span class='ocrx_word' id='word_1_46' title='bbox 952 1191 1092 1276; x_wconf 78' lang='lat' dir='ltr'><strong>Aegypti</strong></span> 
     </span>
     <span class='ocr_line' id='line_1_8' title="bbox 139 1292 1091 1397; baseline -0.005 -25"><span class='ocrx_word' id='word_1_47' title='bbox 139 1304 304 1380; x_wconf 79' lang='lat' dir='ltr'><strong>aedificiis,</strong></span> <span class='ocrx_word' id='word_1_48' title='bbox 331 1311 405 1397; x_wconf 83' lang='lat' dir='ltr'><strong>post</strong></span> <span class='ocrx_word' id='word_1_49' title='bbox 424 1302 615 1367; x_wconf 89' lang='lat' dir='ltr'><strong>novissimas</strong></span> <span class='ocrx_word' id='word_1_50' title='bbox 644 1300 877 1387; x_wconf 81' lang='lat' dir='ltr'><strong>disquisitiones</strong></span> <span class='ocrx_word' id='word_1_51' title='bbox 906 1292 1091 1367; x_wconf 88' lang='lat' dir='ltr'><strong>indubium</strong></span> 
     </span>
     <span class='ocr_line' id='line_1_9' title="bbox 139 1411 1090 1510; baseline 0 -30"><span class='ocrx_word' id='word_1_52' title='bbox 139 1417 249 1482; x_wconf 87' lang='lat' dir='ltr'><strong>voca1i</strong></span> <span class='ocrx_word' id='word_1_53' title='bbox 268 1415 377 1499; x_wconf 87' lang='lat' dir='ltr'><strong>nequit</strong></span> <span class='ocrx_word' id='word_1_54' title='bbox 389 1411 453 1510; x_wconf 61' lang='lat'><strong>**)3</strong></span> <span class='ocrx_word' id='word_1_55' title='bbox 491 1414 530 1478; x_wconf 91' lang='lat' dir='ltr'><strong>ln</strong></span> <span class='ocrx_word' id='word_1_56' title='bbox 552 1411 740 1497; x_wconf 87' lang='lat' dir='ltr'><strong>templorum</strong></span> <span class='ocrx_word' id='word_1_57' title='bbox 753 1417 823 1481; x_wconf 81' lang='lat' dir='ltr'><strong>,situ</strong></span> <span class='ocrx_word' id='word_1_58' title='bbox 836 1415 1006 1500; x_wconf 79' lang='lat' dir='ltr'><strong>Aethiopia</strong></span> <span class='ocrx_word' id='word_1_59' title='bbox 1021 1435 1090 1504; x_wconf 75' lang='lat' dir='ltr'><strong>cusp</strong></span> 
     </span>
     <span class='ocr_line' id='line_1_10' title="bbox 137 1523 1090 1618; baseline -0.002 -25"><span class='ocrx_word' id='word_1_60' title='bbox 137 1529 288 1613; x_wconf 78' lang='lat' dir='ltr'><strong>Aegypto</strong></span> <span class='ocrx_word' id='word_1_61' title='bbox 309 1529 385 1598; x_wconf 84' lang='lat' dir='ltr'><strong>mire</strong></span> <span class='ocrx_word' id='word_1_62' title='bbox 407 1527 571 1604; x_wconf 71' lang='lat' dir='ltr'><strong>consentit,</strong></span> <span class='ocrx_word' id='word_1_63' title='bbox 593 1523 635 1592; x_wconf 89' lang='lat' dir='ltr'><strong>ad</strong></span> <span class='ocrx_word' id='word_1_64' title='bbox 657 1546 759 1600; x_wconf 82' lang='lat' dir='ltr'><strong>pnmn.</strong></span> <span class='ocrx_word' id='word_1_65' title='bbox 772 1528 853 1595; x_wconf 86' lang='lat' dir='ltr'><strong>enim</strong></span> <span class='ocrx_word' id='word_1_66' title='bbox 868 1529 972 1594; x_wconf 85' lang='lat' dir='ltr'><strong>omnia</strong></span> <span class='ocrx_word' id='word_1_67' title='bbox 987 1535 1090 1618; x_wconf 86' lang='lat' dir='ltr'><strong>prop&#39;e</strong></span> 
     </span>
     <span class='ocr_line' id='line_1_11' title="bbox 137 1640 1091 1726; baseline -0.004 -18"><span class='ocrx_word' id='word_1_68' title='bbox 137 1640 266 1709; x_wconf 85' lang='lat' dir='ltr'><strong>fluvium</strong></span> <span class='ocrx_word' id='word_1_69' title='bbox 280 1648 444 1706; x_wconf 77' lang='lat' dir='ltr'><strong>‚exstructa</strong></span> <span class='ocrx_word' id='word_1_70' title='bbox 465 1648 546 1718; x_wconf 71' lang='lat' dir='ltr'><strong>sunt</strong></span> <span class='ocrx_word' id='word_1_71' title='bbox 570 1660 632 1723; x_wconf 88' lang='lat' dir='ltr'><strong>qua</strong></span> <span class='ocrx_word' id='word_1_72' title='bbox 653 1659 689 1704; x_wconf 89' lang='lat' dir='ltr'><strong>re</strong></span> <span class='ocrx_word' id='word_1_73' title='bbox 711 1640 785 1704; x_wconf 87' lang='lat' dir='ltr'><strong>satis</strong></span> <span class='ocrx_word' id='word_1_74' title='bbox 807 1641 972 1726; x_wconf 82' lang='lat' dir='ltr'><strong>perspicue</strong></span> <span class='ocrx_word' id='word_1_75' title='bbox 995 1660 1091 1725; x_wconf 81' lang='lat' dir='ltr'><strong>appa-</strong></span> 
     </span>
     <span class='ocr_line' id='line_1_12' title="bbox 136 1748 1090 1836; baseline -0.003 -19"><span class='ocrx_word' id='word_1_76' title='bbox 136 1761 201 1830; x_wconf 86' lang='lat' dir='ltr'><strong>rot,</strong></span> <span class='ocrx_word' id='word_1_77' title='bbox 229 1749 296 1816; x_wconf 92' lang='lat' dir='ltr'><strong>Nili</strong></span> <span class='ocrx_word' id='word_1_78' title='bbox 323 1772 455 1817; x_wconf 76' lang='lat' dir='ltr'><strong>cursum</strong></span> <span class='ocrx_word' id='word_1_79' title='bbox 474 1748 600 1836; x_wconf 89' lang='lat' dir='ltr'><strong>templis</strong></span> <span class='ocrx_word' id='word_1_80' title='bbox 630 1760 662 1815; x_wconf 92' lang='lat' dir='ltr'><strong>et</strong></span> <span class='ocrx_word' id='word_1_81' title='bbox 689 1748 821 1819; x_wconf 77' lang='lat' dir='ltr'><strong>urbibus</strong></span> <span class='ocrx_word' id='word_1_82' title='bbox 849 1749 921 1816; x_wconf 90' lang='lat' dir='ltr'><strong>loca</strong></span> <span class='ocrx_word' id='word_1_83' title='bbox 949 1749 1090 1829; x_wconf 82' lang='lat' dir='ltr'><strong>dedisse,</strong></span> 
     </span>
     <span class='ocr_line' id='line_1_13' title="bbox 137 1851 1090 1949; baseline -0.001 -21"><span class='ocrx_word' id='word_1_84' title='bbox 137 1883 272 1948; x_wconf 74' lang='lat' dir='ltr'><strong>cunque</strong></span> <span class='ocrx_word' id='word_1_85' title='bbox 299 1851 579 1938; x_wconf 73' lang='lat' dir='ltr'><strong>commodissimam</strong></span> <span class='ocrx_word' id='word_1_86' title='bbox 605 1865 687 1927; x_wconf 89' lang='lat' dir='ltr'><strong>viam</strong></span> <span class='ocrx_word' id='word_1_87' title='bbox 713 1862 825 1940; x_wconf 86' lang='lat' dir='ltr'><strong>fuisse,</strong></span> <span class='ocrx_word' id='word_1_88' title='bbox 853 1883 916 1949; x_wconf 87' lang='lat' dir='ltr'><strong>qua</strong></span> <span class='ocrx_word' id='word_1_89' title='bbox 943 1860 1090 1944; x_wconf 82' lang='lat' dir='ltr'><strong>coloniae</strong></span> 
     </span>
     <span class='ocr_line' id='line_1_14' title="bbox 137 1973 1091 2062; baseline -0.002 -23"><span class='ocrx_word' id='word_1_90' title='bbox 137 1974 384 2056; x_wconf 79' lang='lat' dir='ltr'><strong>deducerentur,</strong></span> <span class='ocrx_word' id='word_1_91' title='bbox 413 1973 618 2061; x_wconf 79' lang='lat' dir='ltr'><strong>singulaeque</strong></span> <span class='ocrx_word' id='word_1_92' title='bbox 646 1973 741 2042; x_wconf 83' lang='lat' dir='ltr'><strong>urbes</strong></span> <span class='ocrx_word' id='word_1_93' title='bbox 765 1984 797 2040; x_wconf 91' lang='lat' dir='ltr'><strong>et</strong></span> <span class='ocrx_word' id='word_1_94' title='bbox 819 1974 936 2062; x_wconf 85' lang='lat' dir='ltr'><strong>oppida</strong></span> <span class='ocrx_word' id='word_1_95' title='bbox 960 1975 1091 2059; x_wconf 85' lang='lat' dir='ltr'><strong>conjun-</strong></span> 
     </span>
     <span class='ocr_line' id='line_1_15' title="bbox 136 2085 1090 2160; baseline -0.002 -8"><span class='ocrx_word' id='word_1_96' title='bbox 136 2089 242 2152; x_wconf 91' lang='lat' dir='ltr'><strong>ctione</strong></span> <span class='ocrx_word' id='word_1_97' title='bbox 262 2089 346 2150; x_wconf 89' lang='lat' dir='ltr'><strong>inter</strong></span> <span class='ocrx_word' id='word_1_98' title='bbox 366 2109 401 2152; x_wconf 90' lang='lat' dir='ltr'><strong>se</strong></span> <span class='ocrx_word' id='word_1_99' title='bbox 422 2097 615 2155; x_wconf 78' lang='lat' dir='ltr'><strong>tenerentn.</strong></span> <span class='ocrx_word' id='word_1_100' title='bbox 665 2088 696 2151; x_wconf 87' lang='grc' dir='ltr'><strong>Α</strong></span> <span class='ocrx_word' id='word_1_101' title='bbox 717 2085 847 2152; x_wconf 83' lang='lat' dir='ltr'><strong>meridie</strong></span> <span class='ocrx_word' id='word_1_102' title='bbox 868 2086 1010 2152; x_wconf 91' lang='lat' dir='ltr'><strong>secundo</strong></span> <span class='ocrx_word' id='word_1_103' title='bbox 1032 2085 1090 2160; x_wconf 87' lang='lat' dir='ltr'><strong>ssu-</strong></span> 
     </span>
     <span class='ocr_line' id='line_1_16' title="bbox 136 2197 1090 2286; baseline 0 -24"><span class='ocrx_word' id='word_1_104' title='bbox 136 2201 220 2264; x_wconf 91' lang='lat' dir='ltr'><strong>mine</strong></span> <span class='ocrx_word' id='word_1_105' title='bbox 243 2197 381 2263; x_wconf 80' lang='lat' dir='ltr'><strong>advectis</strong></span> <span class='ocrx_word' id='word_1_106' title='bbox 398 2200 587 2286; x_wconf 76' lang='lat' dir='ltr'><strong>Aethiopiae</strong></span> <span class='ocrx_word' id='word_1_107' title='bbox 609 2197 746 2277; x_wconf 41' lang='lat' dir='ltr'><strong>coloniae</strong></span> <span class='ocrx_word' id='word_1_108' title='bbox 764 2198 873 2264; x_wconf 81' lang='lat' dir='ltr'><strong>Philae</strong></span> <span class='ocrx_word' id='word_1_109' title='bbox 892 2198 998 2271; x_wconf 87' lang='lat' dir='ltr'><strong>insula</strong></span> <span class='ocrx_word' id='word_1_110' title='bbox 1019 2197 1090 2262; x_wconf 92' lang='lat' dir='ltr'><strong>nlti-</strong></span> 
     </span>
     <span class='ocr_line' id='line_1_17' title="bbox 137 2311 1089 2397; baseline -0.002 -21"><span class='ocrx_word' id='word_1_111' title='bbox 137 2331 205 2376; x_wconf 89' lang='lat' dir='ltr'><strong>mus</strong></span> <span class='ocrx_word' id='word_1_112' title='bbox 233 2313 382 2376; x_wconf 87' lang='lat' dir='ltr'><strong>tenninus</strong></span> <span class='ocrx_word' id='word_1_113' title='bbox 417 2321 498 2390; x_wconf 89' lang='lat' dir='ltr'><strong>erat,</strong></span> <span class='ocrx_word' id='word_1_114' title='bbox 533 2331 626 2397; x_wconf 90' lang='lat' dir='ltr'><strong>quem</strong></span> <span class='ocrx_word' id='word_1_115' title='bbox 660 2311 753 2378; x_wconf 87' lang='lat' dir='ltr'><strong>facile</strong></span> <span class='ocrx_word' id='word_1_116' title='bbox 780 2313 909 2397; x_wconf 78' lang='lat' dir='ltr'><strong>navigiis</strong></span> <span class='ocrx_word' id='word_1_117' title='bbox 937 2313 1089 2396; x_wconf 75' lang='lat' dir='ltr'><strong>attingere</strong></span> 
     </span>
     <span class='ocr_line' id='line_1_18' title="bbox 136 2421 1089 2511; baseline -0.001 -22"><span class='ocrx_word' id='word_1_118' title='bbox 136 2432 293 2511; x_wconf 86' lang='lat' dir='ltr'><strong>poterant.</strong></span> <span class='ocrx_word' id='word_1_119' title='bbox 321 2423 361 2488; x_wconf 87' lang='grc' dir='ltr'><strong>·Α</strong></span> <span class='ocrx_word' id='word_1_120' title='bbox 383 2430 537 2507; x_wconf 70' lang='lat' dir='ltr'><strong>catapacta</strong></span> <span class='ocrx_word' id='word_1_121' title='bbox 558 2422 818 2496; x_wconf 74' lang='lat' dir='ltr'><strong>Wadi-Heliensi</strong></span> <span class='ocrx_word' id='word_1_122' title='bbox 838 2444 940 2509; x_wconf 89' lang='lat' dir='ltr'><strong>usque</strong></span> <span class='ocrx_word' id='word_1_123' title='bbox 963 2421 1004 2488; x_wconf 86' lang='lat' dir='ltr'><strong>ad</strong></span> <span class='ocrx_word' id='word_1_124' title='bbox 1017 2421 1089 2492; x_wconf 89' lang='lat' dir='ltr'><strong>Phi·</strong></span> 
     </span>
     <span class='ocr_line' id='line_1_19' title="bbox 138 2533 1088 2622; baseline 0 -22"><span class='ocrx_word' id='word_1_125' title='bbox 138 2535 185 2603; x_wconf 81' lang='lat' dir='ltr'><strong>las</strong></span> <span class='ocrx_word' id='word_1_126' title='bbox 205 2534 328 2606; x_wconf 86' lang='lat' dir='ltr'><strong>nullum</strong></span> <span class='ocrx_word' id='word_1_127' title='bbox 348 2534 524 2621; x_wconf 87' lang='lat' dir='ltr'><strong>periculum</strong></span> <span class='ocrx_word' id='word_1_128' title='bbox 544 2533 682 2600; x_wconf 86' lang='lat' dir='ltr'><strong>subeunt</strong></span> <span class='ocrx_word' id='word_1_129' title='bbox 695 2538 887 2622; x_wconf 80' lang='lat' dir='ltr'><strong>navigantes.</strong></span> <span class='ocrx_word' id='word_1_130' title='bbox 899 2536 933 2600; x_wconf 92' lang='lat' dir='ltr'><strong>in</strong></span> <span class='ocrx_word' id='word_1_131' title='bbox 948 2556 1088 2622; x_wconf 83' lang='lat' dir='ltr'><strong>aequore</strong></span> 
     </span>
     <span class='ocr_line' id='line_1_20' title="bbox 138 2647 1088 2734; baseline -0.002 -22"><span class='ocrx_word' id='word_1_132' title='bbox 138 2647 262 2734; x_wconf 81' lang='lat' dir='ltr'><strong>placide</strong></span> <span class='ocrx_word' id='word_1_133' title='bbox 286 2669 439 2734; x_wconf 78' lang='lat' dir='ltr'><strong>expans03</strong></span> <span class='ocrx_word' id='word_1_134' title='bbox 461 2647 579 2713; x_wconf 81' lang='lat' dir='ltr'><strong>relich&#39;s</strong></span> <span class='ocrx_word' id='word_1_135' title='bbox 601 2657 708 2712; x_wconf 87' lang='lat' dir='ltr'><strong>autem</strong></span> <span class='ocrx_word' id='word_1_136' title='bbox 718 2647 815 2714; x_wconf 89' lang='lat' dir='ltr'><strong>Philis</strong></span> <span class='ocrx_word' id='word_1_137' title='bbox 836 2647 949 2715; x_wconf 87' lang='lat' dir='ltr'><strong>fluvius</strong></span> <span class='ocrx_word' id='word_1_138' title='bbox 964 2657 1088 2725; x_wconf 87' lang='lat' dir='ltr'><strong>rectam,</strong></span> 
     </span>
     <span class='ocr_line' id='line_1_21' title="bbox 139 2757 1089 2846; baseline -0.002 -22"><span class='ocrx_word' id='word_1_139' title='bbox 139 2781 232 2846; x_wconf 75' lang='grc' dir='ltr'><strong><em>φοοιο</em></strong></span> <span class='ocrx_word' id='word_1_140' title='bbox 253 2769 398 2826; x_wconf 87' lang='lat' dir='ltr'><strong>tenuerat</strong></span> <span class='ocrx_word' id='word_1_141' title='bbox 417 2762 499 2824; x_wconf 80' lang='lat' dir='ltr'><strong>viam</strong></span> <span class='ocrx_word' id='word_1_142' title='bbox 522 2759 653 2837; x_wconf 74' lang='lat' dir='ltr'><strong>desedi,</strong></span> <span class='ocrx_word' id='word_1_143' title='bbox 676 2759 878 2846; x_wconf 88' lang='lat' dir='ltr'><strong>scopulisque</strong></span> <span class='ocrx_word' id='word_1_144' title='bbox 901 2757 1089 2836; x_wconf 87' lang='lat' dir='ltr'><strong>obstructus,</strong></span> 
     </span>
     <span class='ocr_line' id='line_1_22' title="bbox 137 2869 1089 2960; baseline 0 -22"><span class='ocrx_word' id='word_1_145' title='bbox 137 2872 260 2942; x_wconf 85' lang='lat' dir='ltr'><strong>nullmn</strong></span> <span class='ocrx_word' id='word_1_146' title='bbox 281 2875 314 2936; x_wconf 94' lang='lat' dir='ltr'><strong>in</strong></span> <span class='ocrx_word' id='word_1_147' title='bbox 336 2892 401 2956; x_wconf 91' lang='lat' dir='ltr'><strong>quo</strong></span> <span class='ocrx_word' id='word_1_148' title='bbox 423 2891 520 2938; x_wconf 87' lang='lat' dir='ltr'><strong>naves</strong></span> <span class='ocrx_word' id='word_1_149' title='bbox 543 2869 705 2958; x_wconf 86' lang='lat' dir='ltr'><strong>appellent</strong></span> <span class='ocrx_word' id='word_1_150' title='bbox 725 2882 852 2956; x_wconf 89' lang='lat' dir='ltr'><strong>portum</strong></span> <span class='ocrx_word' id='word_1_151' title='bbox 877 2881 1089 2960; x_wconf 77' lang='lat' dir='ltr'><strong>opportunum</strong></span> 
     </span>
     <span class='ocr_line' id='line_1_23' title="bbox 137 2981 1089 3074; baseline -0.003 -26"><span class='ocrx_word' id='word_1_152' title='bbox 137 2983 248 3061; x_wconf 62' lang='lat' dir='ltr'><strong>haben</strong></span> <span class='ocrx_word' id='word_1_153' title='bbox 273 3003 374 3070; x_wconf 86' lang='lat' dir='ltr'><strong>parvo</strong></span> <span class='ocrx_word' id='word_1_154' title='bbox 395 2982 564 3049; x_wconf 87' lang='lat' dir='ltr'><strong>intervallo</strong></span> <span class='ocrx_word' id='word_1_155' title='bbox 585 2987 813 3070; x_wconf 76' lang='lat' dir='ltr'><strong>incataractae</strong></span> <span class='ocrx_word' id='word_1_156' title='bbox 835 2985 990 3074; x_wconf 72' lang='lat' dir='ltr'><strong>angustias</strong></span> <span class='ocrx_word' id='word_1_157' title='bbox 1012 2981 1089 3069; x_wconf 84' lang='lat' dir='ltr'><strong>deji-</strong></span> 
     </span>
     <span class='ocr_line' id='line_1_24' title="bbox 142 3085 1089 3188; baseline -0.001 -30"><span class='ocrx_word' id='word_1_158' title='bbox 142 3096 231 3160; x_wconf 76' lang='lat' dir='ltr'><strong>cion.</strong></span> <span class='ocrx_word' id='word_1_159' title='bbox 284 3093 422 3180; x_wconf 85' lang='lat' dir='ltr'><strong>Templo</strong></span> <span class='ocrx_word' id='word_1_160' title='bbox 449 3096 512 3181; x_wconf 84' lang='lat' dir='ltr'><strong>jam</strong></span> <span class='ocrx_word' id='word_1_161' title='bbox 538 3098 571 3162; x_wconf 88' lang='lat' dir='ltr'><strong>in</strong></span> <span class='ocrx_word' id='word_1_162' title='bbox 589 3085 698 3174; x_wconf 82' lang='lat' dir='ltr'><strong>¹insula</strong></span> <span class='ocrx_word' id='word_1_163' title='bbox 726 3097 847 3182; x_wconf 90' lang='lat' dir='ltr'><strong>posito,</strong></span> <span class='ocrx_word' id='word_1_164' title='bbox 874 3095 1089 3188; x_wconf 78' lang='lat' dir='ltr'><strong>Aegyptoque</strong></span> 
     </span>
     <span class='ocr_line' id='line_1_25' title="bbox 141 3203 1088 3292; baseline 0.001 -24"><span class='ocrx_word' id='word_1_165' title='bbox 141 3203 252 3270; x_wconf 88' lang='lat' dir='ltr'><strong>incolis</strong></span> <span class='ocrx_word' id='word_1_166' title='bbox 279 3204 491 3291; x_wconf 77' lang='lat' dir='ltr'><strong>frequentata,</strong></span> <span class='ocrx_word' id='word_1_167' title='bbox 518 3229 584 3274; x_wconf 89' lang='lat' dir='ltr'><strong>non</strong></span> <span class='ocrx_word' id='word_1_168' title='bbox 606 3205 676 3272; x_wconf 84' lang='lat' dir='ltr'><strong>fieri</strong></span> <span class='ocrx_word' id='word_1_169' title='bbox 698 3209 815 3292; x_wconf 89' lang='lat' dir='ltr'><strong>potuit,</strong></span> <span class='ocrx_word' id='word_1_170' title='bbox 845 3209 920 3292; x_wconf 91' lang='lat' dir='ltr'><strong>quin</strong></span> <span class='ocrx_word' id='word_1_171' title='bbox 942 3204 1088 3272; x_wconf 87' lang='lat' dir='ltr'><strong>sacerdo-</strong></span> 
     </span>
     <span class='ocr_line' id='line_1_26' title="bbox 139 3317 1088 3401; baseline 0.005 -25"><span class='ocrx_word' id='word_1_172' title='bbox 139 3325 209 3381; x_wconf 89' lang='lat' dir='ltr'><strong>tum</strong></span> <span class='ocrx_word' id='word_1_173' title='bbox 228 3319 380 3401; x_wconf 86' lang='lat' dir='ltr'><strong>sapientia</strong></span> <span class='ocrx_word' id='word_1_174' title='bbox 402 3328 434 3384; x_wconf 91' lang='lat' dir='ltr'><strong>et</strong></span> <span class='ocrx_word' id='word_1_175' title='bbox 453 3331 660 3389; x_wconf 72' lang='lat' dir='ltr'><strong>mercatonum</strong></span> <span class='ocrx_word' id='word_1_176' title='bbox 674 3341 787 3394; x_wconf 70' lang='lat' dir='ltr'><strong>annuo</strong></span> <span class='ocrx_word' id='word_1_177' title='bbox 809 3321 994 3396; x_wconf 83' lang='lat' dir='ltr'><strong>intercursu,</strong></span> <span class='ocrx_word' id='word_1_178' title='bbox 1016 3317 1088 3383; x_wconf 90' lang='lat' dir='ltr'><strong>Phi-</strong></span> 
     </span>
     <span class='ocr_line' id='line_1_27' title="bbox 139 3427 1089 3520; baseline 0.003 -29"><span class='ocrx_word' id='word_1_179' title='bbox 139 3427 243 3492; x_wconf 75' lang='lat' dir='ltr'><strong>lamm</strong></span> <span class='ocrx_word' id='word_1_180' title='bbox 263 3429 340 3494; x_wconf 81' lang='lat' dir='ltr'><strong>situs</strong></span> <span class='ocrx_word' id='word_1_181' title='bbox 361 3431 394 3494; x_wconf 90' lang='lat' dir='ltr'><strong>in</strong></span> <span class='ocrx_word' id='word_1_182' title='bbox 415 3427 481 3496; x_wconf 88' lang='lat' dir='ltr'><strong>dies</strong></span> <span class='ocrx_word' id='word_1_183' title='bbox 503 3433 630 3518; x_wconf 78' lang='lat' dir='ltr'><strong>majoris</strong></span> <span class='ocrx_word' id='word_1_184' title='bbox 651 3429 746 3498; x_wconf 87' lang='lat' dir='ltr'><strong>fieret</strong></span> <span class='ocrx_word' id='word_1_185' title='bbox 764 3433 923 3510; x_wconf 71' lang='lat' dir='ltr'><strong>momenti,</strong></span> <span class='ocrx_word' id='word_1_186' title='bbox 935 3451 1005 3504; x_wconf 23' lang='lat' dir='ltr'><strong>*nec</strong></span> <span class='ocrx_word' id='word_1_187' title='bbox 1019 3449 1089 3520; x_wconf 84' lang='lat' dir='ltr'><strong>san-</strong></span> 
     </span>
    </p>
   </div>
   <div class='ocr_carea' id='block_1_3' title="bbox 138 3539 1089 3656">
    <p class='ocr_par' dir='ltr' id='par_1_3' title="bbox 138 3539 1089 3656">
     <span class='ocr_line' id='line_1_28' title="bbox 138 3539 1089 3656; baseline -0.002 -52"><span class='ocrx_word' id='word_1_188' title='bbox 138 3541 233 3614; x_wconf 87' lang='lat' dir='ltr'><strong>clitas</strong></span> <span class='ocrx_word' id='word_1_189' title='bbox 257 3539 361 3605; x_wconf 88' lang='lat' dir='ltr'><strong>locum</strong></span> <span class='ocrx_word' id='word_1_190' title='bbox 386 3539 527 3628; x_wconf 87' lang='lat' dir='ltr'><strong>reliquit,</strong></span> <span class='ocrx_word' id='word_1_191' title='bbox 561 3565 631 3607; x_wconf 90' lang='lat' dir='ltr'><strong>cum</strong></span> <span class='ocrx_word' id='word_1_192' title='bbox 658 3544 837 3656; x_wconf 56' lang='lat' dir='ltr'><strong>aegyptus,</strong></span> <span class='ocrx_word' id='word_1_193' title='bbox 870 3540 911 3605; x_wconf 92' lang='lat' dir='ltr'><strong>ad</strong></span> <span class='ocrx_word' id='word_1_194' title='bbox 938 3561 1089 3604; x_wconf 88' lang='lat' dir='ltr'><strong>summum</strong></span> 
     </span>
    </p>
   </div>
   <div class='ocr_carea' id='block_1_4' title="bbox 172 3723 1089 3821">
    <p class='ocr_par' dir='ltr' id='par_1_4' title="bbox 172 3723 1089 3821">
     <span class='ocr_line' id='line_1_29' title="bbox 172 3723 1089 3821; baseline -0.002 -19"><span class='ocrx_word' id='word_1_195' title='bbox 172 3745 196 3816; x_wconf 88' lang='lat'><strong>·)</strong></span> <span class='ocrx_word' id='word_1_196' title='bbox 214 3741 296 3802; x_wconf 72' lang='lat' dir='ltr'><strong>Diod</strong></span> <span class='ocrx_word' id='word_1_197' title='bbox 316 3742 369 3802; x_wconf 78' lang='lat' dir='ltr'><strong>sia.</strong></span> <span class='ocrx_word' id='word_1_198' title='bbox 386 3740 431 3800; x_wconf 90' lang='lat'>111.</span> <span class='ocrx_word' id='word_1_199' title='bbox 449 3762 475 3821; x_wconf 78' lang='lat' dir='ltr'><strong>p.</strong></span> <span class='ocrx_word' id='word_1_200' title='bbox 494 3742 547 3800; x_wconf 80' lang='lat'><strong>175</strong></span> <span class='ocrx_word' id='word_1_201' title='bbox 564 3743 606 3800; x_wconf 78' lang='lat' dir='ltr'><strong>et.</strong></span> <span class='ocrx_word' id='word_1_202' title='bbox 623 3741 713 3802; x_wconf 72' lang='lat' dir='ltr'><strong>wass.</strong></span> <span class='ocrx_word' id='word_1_203' title='bbox 733 3751 798 3820; x_wconf 70' lang='grc' dir='ltr'><strong><em>φασι</em></strong></span> <span class='ocrx_word' id='word_1_204' title='bbox 815 3752 842 3803; x_wconf 80' lang='grc' dir='ltr'><strong>οι</strong></span> <span class='ocrx_word' id='word_1_205' title='bbox 860 3723 905 3804; x_wconf 67' lang='grc' dir='ltr'><strong>ιιι</strong></span> <span class='ocrx_word' id='word_1_206' title='bbox 922 3746 969 3817; x_wconf 76' lang='lat' dir='ltr'><strong>(aa</strong></span> <span class='ocrx_word' id='word_1_207' title='bbox 985 3749 1089 3804; x_wconf 76' lang='lat' dir='ltr'><strong>Acca-</strong></span> 
     </span>
    </p>
   </div>
   <div class='ocr_carea' id='block_1_5' title="bbox 177 3828 1088 4080">
    <p class='ocr_par' dir='ltr' id='par_1_5' title="bbox 177 3828 1088 4080">
     <span class='ocr_line' id='line_1_30' title="bbox 210 3828 1088 3912; baseline 0.007 -24"><span class='ocrx_word' id='word_1_208' title='bbox 210 3830 269 3901; x_wconf 79' lang='grc' dir='ltr'><strong>πες)</strong></span> <span class='ocrx_word' id='word_1_209' title='bbox 287 3833 354 3910; x_wconf 38' lang='grc' dir='ltr'><strong><em>τοὺς,</em></strong></span> <span class='ocrx_word' id='word_1_210' title='bbox 367 3835 533 3902; x_wconf 76' lang='grc' dir='ltr'><strong><em>Αἰγυπτίους</em></strong></span> <span class='ocrx_word' id='word_1_211' title='bbox 551 3828 680 3898; x_wconf 70' lang='grc' dir='ltr'><strong><em>ἀποίκους</em></strong></span> <span class='ocrx_word' id='word_1_212' title='bbox 697 3834 794 3891; x_wconf 74' lang='grc' dir='ltr'><strong><em>ἑαυτῶν</em></strong></span> <span class='ocrx_word' id='word_1_213' title='bbox 811 3833 944 3912; x_wconf 74' lang='grc' dir='ltr'><strong><em>ὑπάρχειν,</em></strong></span> <span class='ocrx_word' id='word_1_214' title='bbox 958 3831 1088 3908; x_wconf 62' lang='grc' dir='ltr'><strong><em>Ὀσίριδος</em></strong></span> 
     </span>
     <span class='ocr_line' id='line_1_31' title="bbox 211 3914 589 3992; baseline -0.008 -15"><span class='ocrx_word' id='word_1_215' title='bbox 211 3918 372 3992; x_wconf 66' lang='grc' dir='ltr'><strong><em>ἡγησαμένου</em></strong></span> <span class='ocrx_word' id='word_1_216' title='bbox 393 3919 441 3988; x_wconf 71' lang='grc' dir='ltr'><strong>τῆς</strong></span> <span class='ocrx_word' id='word_1_217' title='bbox 458 3914 589 3981; x_wconf 74' lang='grc' dir='ltr'><strong><em>ἀποικίας.</em></strong></span> 
     </span>
     <span class='ocr_line' id='line_1_32' title="bbox 177 4008 669 4080; baseline -0.004 -10"><span class='ocrx_word' id='word_1_218' title='bbox 177 4009 211 4080; x_wconf 75' lang='grc'><strong>”)</strong></span> <span class='ocrx_word' id='word_1_219' title='bbox 227 4010 293 4070; x_wconf 72' lang='lat' dir='ltr'><strong>Gau</strong></span> <span class='ocrx_word' id='word_1_220' title='bbox 310 4009 424 4069; x_wconf 78' lang='lat' dir='ltr'><strong>Menum.</strong></span> <span class='ocrx_word' id='word_1_221' title='bbox 441 4008 566 4068; x_wconf 77' lang='lat' dir='ltr'><strong>Nubteos.</strong></span> <span class='ocrx_word' id='word_1_222' title='bbox 585 4011 669 4069; x_wconf 73' lang='lat' dir='ltr'><strong>Praei</strong></span> 
     </span>
    </p>
   </div>
   <div class='ocr_carea' id='block_1_6' title="bbox 0 0 1518 4920">
    <p class='ocr_par' dir='ltr' id='par_1_6' title="bbox 0 0 1518 4920">
     <span class='ocr_line' id='line_1_33' title="bbox 0 0 1518 4920; baseline 0 0"><span class='ocrx_word' id='word_1_223' title='bbox 0 0 1518 4920; x_wconf 95' lang='lat' dir='ltr'><strong> </strong></span> 
     </span>
    </p>
   </div>
  </div>
 </body>
</html>
