3026 4920
88 623 247 697 tempore,
276 629 350 695 quo
369 605 515 673 locorum
541 606 766 692 hominumque
791 604 912 672 colhire
934 603 975 672 e'h
997 611 1044 674 in-
1098 619 1214 682 esent.

90 727 208 790 teriore
229 721 337 787 Africa
358 730 540 805 propagata,
561 718 670 784 Nilum
691 731 839 805 tauquam
861 699 974 786 ducem
995 741 1044 786 se-

87 857 200 922 quens,
224 833 447 899 fertilissimam
466 834 547 896 inter
567 835 704 918 primam
719 843 751 898 et
771 832 941 898 seotmdam
963 843 1045 899 cata-

87 959 206 1014 ractam
226 950 404 1034 regionem,
425 943 550 1030 templis
574 955 606 1010 et
626 943 758 1010 urbibus
780 943 928 1030 replevit,
956 968 1045 1012 saera

87 1060 250 1126 Philensia
278 1083 297 1124 a
325 1055 548 1122 sacerdotibus
571 1068 741 1144 procurata
768 1057 866 1123 fuisse
887 1063 1044 1147 conjecta-

88 1189 167 1240 mus.
220 1172 303 1239 Cum
330 1180 443 1256 postea
463 1170 694 1256 Aegyptiorum
714 1190 845 1256 regumn
865 1161 1045 1258 potentissi

90 1307 176 1350 mum
198 1285 398 1348 constitutum
420 1293 510 1360 esset,
532 1281 641 1348 Philae
664 1281 790 1368 quidem
810 1283 903 1348 sedes
918 1288 1046 1350 sancus

92 1400 171 1462 sima
203 1396 327 1472 mansit,
361 1389 545 1481 pomparum
580 1404 683 1460 autem
712 1394 794 1461 ordo
822 1406 958 1462 mutatus
987 1409 1043 1464 est.

93 1508 161 1592 Qui
187 1517 319 1593 propter
338 1506 481 1574 Deorum
508 1505 625 1572 cisltum
651 1507 785 1572 insulam
806 1505 950 1588 adibant,
975 1531 1045 1576 non

91 1631 128 1684 ut
150 1629 243 1684 antea
265 1641 282 1684 a
304 1619 433 1684 meridie
453 1617 587 1684 navibus
610 1615 855 1700 adrehebantrn,
876 1620 934 1686 sed
956 1643 975 1686 a
995 1644 1045 1688 se-

89 1733 273 1819 ptentn'one
293 1734 354 1798 iter
375 1731 533 1798 faciebant
554 1741 717 1812 terrestre,
739 1755 914 1812 arenosum,
936 1732 1045 1821 appel-

89 1843 202 1910 lebant
223 1843 264 1910 ad
283 1843 417 1910 insulam
438 1845 513 1910 loco
534 1865 687 1932 perquam
701 1845 919 1922 incommodo,
941 1849 1044 1932 aptior

89 1967 161 2022 erat
188 1955 354 2042 appulsus,
381 1967 417 2021 ut
439 1974 534 2044 supra
556 1957 701 2036 diximus,
720 1960 756 2022 in
777 1968 868 2044 parte
890 1957 1043 2037 orientali,

88 2069 148 2133 ubi
168 2068 364 2154 peristylinm
393 2069 477 2150 (A),
505 2073 629 2164 pompis
659 2069 863 2155 excipiendis,
892 2081 925 2138 et
950 2079 1044 2156 porta
1148 2060 1153 2072 ⁸

87 2179 229 2272 lateralis
251 2181 320 2262 (B)
342 2184 459 2266 magnis
481 2181 638 2268 pylonnm
659 2181 781 2248 foribus
804 2185 964 2270 contigua,
994 2205 1045 2248 ex-

91 2304 211 2358 structa
232 2303 345 2358 erant·
375 2291 458 2383 ¹Quo
481 2305 624 2382 tempore
645 2293 727 2358 facta
749 2297 789 2359 sit
811 2293 988 2361 aedificatio
1010 2297 1044 2359 in

95 2403 239 2492 ambiguo
268 2404 487 2492 relinquimus;
514 2417 634 2472 tantum
657 2404 767 2474 dicere
794 2405 882 2492 licet,
909 2409 1045 2493 peristy-

93 2517 168 2582 lium
189 2516 345 2583 orientale
367 2529 399 2582 et
420 2527 544 2604 portam
567 2519 635 2600 (B)
657 2521 765 2596 serius,
786 2540 880 2606 quam
900 2539 1045 2606 magmrm
1067 2572 1072 2577 .

99 2629 248 2718 templum
269 2629 373 2696 media
394 2633 428 2694 in
448 2629 566 2708 insula,
589 2639 744 2696 exstructa
766 2651 843 2695 esse.

157 2740 316 2808 Absoluta
343 2743 435 2829 hujus
460 2745 655 2836 monumenti
677 2741 902 2830 descriptione,
930 2738 971 2808 ad
994 2763 1045 2808 ce-

92 2865 162 2918 tera
181 2866 388 2934 transeamus,
411 2865 444 2920 et
465 2853 689 2920 ambulantium
709 2875 813 2933 more,
841 2875 923 2941 quae
949 2853 1044 2919 nobis

93 2968 236 3052 proxima
263 2977 352 3046 srmt,
376 2965 610 3055 perlustramus.
659 2965 713 3033 Ad
739 2987 869 3053 magnos
896 2966 1044 3054 pylones

99 3098 182 3162 quos
211 3081 245 3145 in
276 3077 381 3144 media
400 3077 503 3144 insula
529 3080 663 3166 primum
689 3057 958 3146 animadvertimus
985 3101 1045 3165 per

97 3187 263 3254 domorum
296 3187 488 3256 arabicarum
520 3193 625 3255 ruinas
657 3188 884 3276 progredimur.
942 3191 1045 3256 Parva
1074 3199 1161 3254 Porta
1178 3188 1235 3256 aaa

1091 3287 1139 3322 ruo
1157 3273 1214 3326 loeo

94 3311 192 3387 porta
219 3301 287 3383 (B)
315 3311 491 3368 transverso
519 3301 637 3388 angulo
666 3324 796 3388 magnae
823 3303 952 3390 pylonis
974 3301 1044 3368 alae
1095 3342 1210 3411 adjecta.

91 3412 145 3494 (C
160 3415 197 3494 1)
226 3411 371 3498 adjuncta
399 3423 459 3492 est,
492 3425 525 3479 et
546 3417 696 3499 ¹quamvis
726 3417 771 3480 ita
804 3414 977 3491 collocata,
1008 3425 1045 3478 ut

91 3547 211 3613 paucas
236 3534 353 3589 tantum
375 3523 504 3610 obtegat
525 3524 642 3610 figuras
656 3525 918 3612 hieroglyphicas,
939 3536 1043 3590 tamen

91 3640 190 3707 serius
221 3657 291 3702 eam
319 3647 351 3702 et
377 3636 453 3704 loco
481 3639 582 3702 minus
612 3647 687 3723 apto
716 3636 869 3723 adjectam
891 3657 967 3702 esse
989 3659 1044 3724 ap

94 3760 190 3832 paret
235 3747 359 3834 Midiae
383 3752 419 3814 in
441 3771 480 3814 ea
500 3745 719 3836 inscriptiones
740 3769 849 3834 sacrae
871 3752 1042 3836 scripturae

98 3871 275 3939 cernuntur,
305 3883 437 3945 quanm
465 3864 553 3946 signa
579 3863 672 3926 variis
701 3873 813 3950 operta
833 3872 907 3927 scuit
928 3860 1044 3928 colori-

96 3966 165 4050 bus,
188 3971 352 4038 iutervalla
370 3975 453 4041 inter
473 3982 566 4040 notas
588 3972 849 4062 hieroglyphicas,
869 3972 1058 4044 natiualem,
