3026 4920
1020 447 1074 525 w

119 633 181 696 nisi
201 632 233 694 in
256 623 461 714 disponendis
485 621 640 710 peristylii
656 623 816 702 columnis,
840 645 917 709 quas
931 628 1072 711 porticus
1125 639 1201 696 Pras
1220 640 1240 698 1.

119 742 291 828 adjacentis
314 739 386 820 (D)
415 735 571 802 colmnnis
592 735 691 801 multo
715 736 843 802 altiores
866 758 935 800 osse
961 750 1073 803 notan-

117 856 196 919 dum
224 863 286 927 est3
317 861 442 914 caetera
469 847 628 926 aedificia,
658 847 763 914 scalae
793 847 905 914 ambae
933 837 1092 935 porticus

116 968 171 1048 (I)
196 976 227 1029 et
248 964 298 1043 E)
321 983 427 1026 murus
449 959 675 1037 meridionalis,
703 962 807 1025 omnia
830 959 949 1046 angulis
972 960 1074 1027 diver-

119 1082 162 1144 sis
186 1085 342 1142 exstructa
364 1081 444 1136 sunt.

186 1189 264 1252 Duo
295 1183 370 1249 olim
399 1181 530 1247 obelisci
552 1180 587 1263 *)
618 1179 764 1268 elapide
788 1180 922 1249 calcario
946 1183 1020 1250 faeti
1040 1186 1074 1248 iu
1116 1204 1256 1260 oratiam.

123 1301 205 1364 muri
238 1304 375 1361 extremo
409 1296 545 1379 margine
580 1303 652 1358 ante
689 1294 886 1380 peristylium
922 1295 1073 1361 collocati

127 1411 265 1484 haerent,
287 1425 418 1492 quorum
440 1405 531 1485 alter,
555 1405 729 1484 orientalis,
748 1409 841 1470 ruina
863 1405 997 1472 fortasse
1020 1427 1073 1474 co

128 1521 299 1586 lamnarum
321 1515 482 1602 abreptus,
509 1521 541 1582 in
569 1538 682 1603 aquam
704 1516 872 1603 prolapsus
895 1540 964 1582 esse
986 1519 1073 1584 vide-

129 1644 192 1708 tnr;
216 1630 303 1708 alter,
326 1631 381 1714 qui
402 1632 548 1696 remansit
568 1629 629 1710 (ll)
652 1632 742 1715 apice
764 1629 944 1708 destitutus,
967 1634 1073 1696 arctis-

121 1749 200 1810 sime
220 1742 289 1806 basi
311 1743 467 1826 injunctus
491 1751 552 1819 est,
577 1762 617 1806 eo
640 1741 748 1820 modo,
770 1752 804 1806 ut
826 1743 885 1806 ima
908 1763 980 1827 pars
1005 1744 1072 1828 ejus

117 1862 157 1922 in
184 1857 419 1922 excavationem
445 1851 530 1916 basis
558 1856 785 1920 accuratissime
808 1852 948 1940 quadret.
999 1856 1072 1939 lpsa
1131 1903 1141 1922 .

116 1970 205 2034 basis
227 1979 355 2032 marcus
379 1976 429 2030 est
451 1962 626 2050 depressam,
648 1964 781 2050 simplici
798 1962 931 2030 obelisci
952 1965 1071 2030 fonnae
1134 2033 1139 2054 7

116 2082 217 2172 magis
240 2080 448 2154 conveniens,
471 2099 562 2162 quam
583 2077 678 2166 bases
700 2076 867 2141 altissimae
891 2088 922 2143 et
944 2099 1072 2164 compo

116 2196 214 2268 sitae,
247 2211 328 2276 quae
356 2190 479 2254 Romae
508 2200 540 2253 et
567 2190 714 2275 Byzantii
734 2169 862 2254 'seriore
890 2199 993 2254 aetate
1021 2212 1072 2253 ex-

119 2312 259 2370 structae
280 2311 360 2366 sunt.
412 2302 455 2366 Et
475 2303 510 2364 in
532 2299 677 2385 eligendo
705 2301 795 2380 loco,
824 2322 889 2386 quo
913 2300 1071 2368 obeliscos

120 2413 332 2492 collocarent,
360 2435 470 2498 magna
498 2410 665 2498 prudentia
686 2415 862 2498 Aegyptios
890 2415 989 2498 egisse
1018 2435 1071 2500 ap

118 2536 219 2612 paret,
242 2545 315 2591 eum
338 2535 409 2590 ante
431 2523 571 2610 pylones
598 2523 780 2611 magnificos
802 2517 855 2604 bel
877 2528 909 2590 in
930 2529 1069 2612 porticus

115 2636 187 2701 fine
216 2640 322 2722 potius
350 2634 515 2702 videantur
537 2635 691 2722 erigendi,
720 2659 811 2722 quam
833 2640 865 2700 in
888 2659 960 2701 area
982 2648 1070 2702 vasta

115 2748 173 2814 vel
193 2752 228 2812 in
251 2746 411 2835 elephanti
433 2748 546 2827 dorso,
568 2758 604 2813 ut
626 2750 748 2813 Romae
771 2760 803 2814 et
825 2749 995 2816 Cataneae.

186 2858 372 2925 Nonnullae
400 2839 598 2944 reperiuntur
624 2863 657 2925 in
686 2859 828 2927 obelisco
856 2860 996 2925 Philensi
1024 2863 1070 2926 in·
1166 2945 1169 2952 Δ

117 2974 307 3056 scriptiones
330 2973 442 3057 partim
464 2970 575 3048 literis,
598 2993 676 3057 quas
699 2971 805 3038 dicunt
826 2973 998 3051 hieratiois,
1019 2993 1070 3038 ex-

120 3103 257 3166 pressae,
280 3085 391 3171 partim
413 3083 540 3168 graecis,
562 3104 692 3168 quarum
711 3105 789 3162 una,
811 3085 928 3170 optime
944 3105 1069 3151 conser-

120 3203 211 3270 vata,
236 3198 317 3281 regis
338 3192 512 3260 Ptolemaei
541 3194 647 3273 (Nori
673 3195 832 3280 Dionysi)
859 3205 968 3261 votum
994 3195 1071 3263 Isidi
1171 3279 1174 3284 ,

121 3313 157 3368 et
179 3303 247 3368 Diis
273 3306 406 3372 insulam
434 3303 684 3371 cohabitantibus
711 3308 826 3372 lactum
849 3306 987 3373 declarat
1001 3305 1066 3393 ll⁸).

151 3564 183 3636 *)
207 3563 260 3624 nu
282 3573 366 3620 antem
382 3563 510 3623 obeliscus
528 3568 686 3644 asperrimus
703 3563 783 3642 lapis,
805 3565 832 3620 in
853 3563 962 3638 liguram
982 3575 1067 3621 metae

188 3649 325 3726 cujusdam
350 3655 446 3710 sensim
472 3653 505 3710 ad
534 3654 718 3730 proceritatem
744 3669 901 3726 consurgens
930 3650 1067 3720 excelsaro,

186 3747 269 3814 utque
288 3737 387 3796 radium
404 3741 528 3806 imitetur,
545 3737 717 3814 gracilescens
734 3737 879 3815 paulisper,
899 3739 987 3814 specie
1006 3759 1068 3814 qua-

189 3823 263 3879 drata
290 3826 318 3880 iia
338 3825 463 3880 verticem
486 3824 630 3900 productus
653 3833 802 3900 angustum,
828 3843 904 3880 manu
928 3823 1068 3900 laevigatus

164 3933 168 3942 ·
190 3910 291 3968 artifici.
327 3909 413 3970 Amm.
430 3909 543 3968 Marcell
560 3908 646 3978 XVll,
664 3915 689 3966 l.

155 3991 189 4060 ”l
223 3996 335 4072 Egregie
370 3996 535 4074 explicatam,
570 3998 648 4053 aetati
681 4015 743 4055 suae
773 3995 940 4064 vindicatam,
972 3994 1065 4072 aliique
