3026 4920
1023 413 1069 485 51

116 587 318 678 repetendum
345 587 523 651 consuimus
537 581 587 667 ¹⁸),
618 605 688 648 cum
715 584 917 652 anennullis
942 587 1069 656 uberim
1126 601 1201 662 Pras
1219 605 1238 662 Ι.

116 703 158 768 de
187 723 224 768 aa
253 699 429 787 expositum
458 700 508 762 sit
565 695 673 782 Vulgo
703 684 744 762 ad
771 708 903 764 mortem
932 698 1069 769 Osiridis

30 845 35 852 ·
112 815 213 882 relata
236 825 284 878 est
297 811 370 895 fl),
398 808 458 874 sed
479 819 632 895 repugnat
657 812 790 896 primurn
811 807 951 881 Diodori
972 811 1070 878 Siculi

109 929 205 994 locus
227 925 425 1012 gravissimus
455 923 504 1002 (1,
532 923 622 1004 22),
650 920 706 986 ubi
729 921 864 988 Osiridis
890 923 1070 1010 sepulcrum

110 1062 195 1107 non
215 1043 256 1104 in
276 1034 403 1101 Philia
426 1037 533 1121 ipsis,
556 1033 613 1100 sed
635 1037 669 1099 in
691 1034 822 1100 insula
843 1058 970 1123 prope
987 1037 1070 1102 Phi·

112 1153 176 1218 las
212 1149 404 1215 collocatum
438 1169 506 1211 esse
541 1145 669 1225 deins,
704 1144 821 1211 deinde
855 1146 897 1212 de
925 1151 1069 1236 corporis

115 1263 335 1348 asportatione
361 1262 394 1324 in
416 1257 570 1324 crocodili
598 1259 697 1324 dorso
718 1261 751 1323 in
772 1259 970 1346 mythologie
991 1259 1069 1325 nihil

117 1371 267 1437 traditum
287 1381 349 1444 est.
403 1372 554 1438 Defrmcti
582 1393 714 1458 corpus,
742 1369 854 1468 tabula
878 1385 988 1438 nostra
1018 1395 1069 1438 ex·
1123 1455 1125 1464 Ι

26 1491 29 1495 ’
119 1505 275 1572 pressum,
301 1483 420 1548 nullum
449 1483 575 1550 exhibet
603 1487 738 1570 signum,
774 1506 838 1571 quo
869 1483 910 1549 de
939 1484 1068 1552 Osiride

117 1599 329 1682 conjecturam
357 1597 461 1662 facere
489 1598 608 1684 possis;
640 1599 750 1682 capitis
773 1607 989 1664 ornamentum
1010 1620 1069 1664 no-

9 1760 24 1774 ,
115 1711 280 1787 tissimum,
315 1712 449 1796 apicem,
482 1714 557 1774 vitta
588 1707 779 1774 sacerdotali
807 1705 1067 1789 condecoratum‚

113 1820 342 1902 desideramus,
377 1821 464 1886 haud
496 1821 593 1889 dubie
628 1833 749 1887 mma
784 1821 944 1909 sculptore
972 1821 1067 1888 adum

112 1933 251 2012 brutum,
287 1937 314 1998 si
349 1932 509 2000 Osiridem
544 1933 708 2020 designare
741 1933 902 2000 voluisset.
961 1928 1080 2023 Quidt'

113 2046 204 2132 quod
237 2049 437 2133 superposita
470 2049 503 2111 in
535 2045 655 2110 circulo
689 2044 804 2132 figura,
843 2056 938 2132 atque
975 2067 1067 2112 orna

111 2169 236 2236 mento,
272 2158 361 2244 quod
389 2157 547 2237 volumus,
584 2137 743 2243 ms'rgnita,
772 2157 931 2225 Osiridcm
958 2162 1067 2238 innuit,

113 2270 217 2358 qualis
238 2273 271 2334 in
294 2270 427 2358 templis,
450 2273 606 2357 hypogeis
629 2281 662 2336 et
682 2273 813 2356 papyris
837 2269 979 2358 depictus
995 2283 1050 2337 est.

177 2379 310 2450 Accedit
338 2382 426 2448 aliud
454 2385 578 2469 gravius
601 2381 776 2468 quoddam,
807 2394 842 2450 ut
863 2383 958 2449 nobis
979 2383 1066 2449 vide-

111 2507 177 2573 tur,
206 2506 426 2581 argmnentnm.
476 2495 522 2562 -Si
551 2489 658 2560 tabula
685 2493 740 2560 ilia
770 2493 905 2562 Osiridis
933 2507 1065 2562 mortem

112 2606 307 2685 ostenderet,
326 2627 393 2672 non
414 2630 510 2695 supra
531 2617 657 2695 portam
680 2606 837 2673 collocata
859 2619 942 2674 esset
956 2606 1065 2693 adjun-

111 2731 202 2785 ctam·
226 2729 260 2782 et
285 2717 514 2797 semmdariam,
541 2741 657 2804 magno
682 2719 802 2807 templo
824 2743 866 2786 ne
889 2724 1065 2806 contiguam

113 2828 255 2917 quidem,
277 2831 364 2913 cujus
384 2832 497 2912 januae
519 2833 608 2920 origo
623 2834 827 2918 Aegyptiace,
850 2835 967 2920 quippe
988 2854 1065 2919 ope-

113 2943 159 3006 ris
173 2939 357 3026 perperfecti,
371 2943 404 3005 in
420 2939 547 3008 dubium
562 2947 669 3010 vocari
684 2955 791 3029 potest
805 2942 898 3026 *Ὃς
917 2983 956 2996 -
980 2935 1065 3010 'vidc-

151 3166 175 3237 ‘)
194 3165 258 3224 Tab.
275 3164 430 3224 IL‘Forma.

149 3253 183 3326 ’Ἴ
209 3251 354 3315 Lancrctus
375 3252 469 3310 Decor.
494 3275 521 3332 p.
550 3259 594 3311 44.
639 3254 803 3313 Hamiltouus
829 3255 939 3335 Aegypt.
966 3277 994 3334 p.
1021 3257 1063 3312 5⁰.

151 3363 154 3374 ¹
187 3339 334 3397 Creuzerus
351 3342 379 3398 in
397 3350 546 3398 commentt.
565 3340 664 3398 Herod.
682 3363 707 3420 p.
727 3344 779 3399 18²
797 3363 855 3420 sqq.

149 3427 193 3498 ”')
218 3423 352 3484 Sententia
367 3429 452 3502 igitur
463 3423 587 3484 Lancreti
604 3427 644 3506 (p.
662 3429 719 3498 45.)
739 3430 843 3486 minime
861 3429 970 3506 probata
987 3427 1063 3484 uobis

184 3523 240 3570 est:
263 3507 329 3572 nais
346 3517 459 3592 quoique
477 3523 547 3570 cette
564 3511 628 3571 salle
645 3513 708 3572 n'ait
724 3515 814 3589 jamais
832 3517 874 3571 tte
892 3515 967 3582 tinie,
985 3513 1005 3571 il
1022 3521 1063 3570 est

182 3602 283 3677 permis
304 3599 338 3656 de
355 3603 533 3675 conjecturor,
555 3597 661 3679 d'apres
678 3601 718 3658 les
736 3604 845 3679 sqenes,
869 3601 947 3678 qu'on
964 3621 982 3676 y
998 3603 1062 3666 voit,
1151 3662 1155 3674 ι

183 3685 277 3764 qu'elle
294 3687 384 3743 deroit
401 3691 458 3744 etro
475 3708 511 3743 un
529 3686 576 3743 des
595 3688 703 3746 edifices
723 3689 757 3745 de
772 3684 827 3745 l’ile
838 3687 878 3744 ies
890 3687 949 3766 plus
961 3689 1062 3754 sacrem
1111 3683 1113 3688 ’

184 3773 249 3832 c'est
274 3794 305 3831 ce
329 3776 374 3850 qui
397 3773 528 3832 confirmo·
549 3795 643 3832 encore
665 3774 691 3832 le
713 3774 795 3852 grand
816 3775 924 3834 nombre
947 3774 1061 3831 d'iuscri-

185 3862 271 3936 ptions
296 3881 330 3918 cn
348 3862 496 3918 caracteres
514 3861 607 3922 cursiis
624 3862 780 3940 Egyptiers,
805 3882 855 3938 quo
874 3861 926 3918 l'on
944 3883 993 3936 pa
1011 3871 1062 3915 tra-

810 3949 878 4023 tf
