3026 4920
1019 427 1067 504 nt

180 606 233 674 Ab
261 579 407 677 extrema
425 608 551 692 porticu
577 624 687 670 versus
714 601 810 668 finem
837 603 958 669 insulae
980 608 1070 670 rueri-

99 720 275 788 dionalem
292 717 558 807 procedentibus
592 727 711 782 tantum
748 737 814 783 non
848 716 1069 803 insuperabilis

98 845 157 900 est
197 837 258 900 via.
317 831 448 916 Ubique
485 853 560 898 saxa
594 829 738 915 disjecta,
775 833 897 914 tuguria
929 828 1069 894 Arabum

98 969 240 1024 eversa,
275 955 364 1010 vasta
393 963 470 1007 cava
498 939 721 1028 impedimenta
748 940 897 1006 offerimt
954 941 1069 1008 Facilis

100 1079 263 1124 ascensus
287 1056 454 1121 cacuminis
477 1052 538 1135 (G)
561 1077 579 1118 a
601 1055 817 1140 septentrione
839 1065 958 1119 tantum
980 1075 1070 1141 prae

99 1171 223 1247 betur,
253 1168 365 1233 ceteris
394 1164 534 1252 partibus
562 1187 636 1231 saxa
664 1167 812 1252 gruritica
839 1178 1010 1253 praerupta
1036 1169 1070 1232 in

103 1282 225 1347 Nilum
247 1290 426 1365 vergrmtur.
477 1279 551 1343 Una
574 1279 683 1342 semita
706 1280 889 1356 arctissima,
918 1281 1014 1365 spinis
1038 1290 1070 1344 et

110 1391 277 1479 lapidibus
304 1412 404 1475 paene
433 1389 609 1468 obstnrcta,
636 1391 719 1453 inter
745 1389 873 1480 fluvium
902 1401 934 1455 et
953 1395 1069 1456 montis

113 1504 241 1569 radices
271 1511 331 1580 est,
358 1523 419 1588 qua
446 1505 540 1566 irnurn
567 1500 681 1567 collem
703 1522 771 1568 non
793 1505 860 1568 sine
872 1502 1069 1568 'difficultate

114 1618 279 1680 circumire
307 1613 389 1678 licet.
439 1616 580 1702 Vestigia
608 1615 702 1691 muri,
734 1617 789 1701 qui
815 1625 913 1680 totam
934 1615 1068 1680 insulam

113 1727 193 1793 olim
222 1725 439 1806 circumdedit,
466 1748 568 1813 usque
597 1725 638 1790 ad
665 1725 805 1791 infimum
828 1727 941 1790 clivum
963 1739 1069 1813 perse-

113 1843 171 1927 qui
192 1841 352 1925 potuimus
375 1861 393 1904 e
414 1842 544 1924 regione
565 1839 805 1925 septentrionali
820 1850 852 1904 et
866 1837 1069 1915 occidentali;

108 1957 148 2024 in
177 1963 313 2017 extrema
341 1961 431 2038 parte
460 1951 586 2016 australi
607 1972 768 2036 nunquam
789 1973 895 2016 murus
918 1954 1069 2018 exstitisse

114 2063 250 2142 videtur,
272 2066 390 2150 quippe
414 2085 495 2150 quae
518 2062 582 2128 loci
596 2074 708 2128 natura
725 2063 922 2149 appellandis
936 2062 1070 2130 navibus

114 2179 241 2242 minime
261 2175 355 2242 fuerit
375 2175 502 2240 idonea.

183 2288 303 2354 Montis
338 2309 487 2352 cacumen
521 2285 594 2368 (G)
631 2286 772 2373 ejusdem
803 2287 871 2353 lere
899 2289 1070 2355 altitudinb

120 2412 168 2466 est
195 2423 232 2466 ac
260 2418 394 2464 summm
423 2398 540 2486 pylon,
572 2400 797 2486 quinquaginta
827 2404 949 2467 circiter
969 2401 1069 2489 pedes

1121 615 1196 674 Pms
1215 617 1236 676 l.

1114 732 1246 786 Extrema

1082 803 1186 854 iararduc
1213 821 1280 871 part

1081 874 1273 927 meridionalia.

118 2535 212 2600 supra
243 2514 360 2578 flumen
393 2515 542 2576 eminens.
587 2513 649 2576 Hic
680 2516 927 2598 septentrionem
959 2535 1081 2590 versus,

117 2627 286 2712 praecipua
316 2623 438 2688 insulae
471 2634 674 2688 monumenta
706 2627 739 2688 in
763 2624 863 2690 oculis
893 2629 952 2691 sita
981 2636 1068 2702 sunt;

114 2737 276 2803 meridiem
308 2757 418 2800 versus
451 2735 632 2800 latissimum
664 2735 732 2799 Nili
765 2758 886 2822 aequor
918 2741 1068 2816 comitur,

116 2872 134 2915 e
166 2848 328 2915 montibus
357 2846 544 2933 Aethiopiae
578 2847 704 2932 placido
738 2857 832 2912 cursu
858 2849 1067 2934 procedentis.

115 2963 154 3026 ln
180 2965 250 3049 ripa
279 2958 426 3026 orientali
448 2969 595 3044 angustus
616 2969 733 3024 tractim
755 2959 848 3024 viridi
869 2961 995 3041 colore,
1021 2973 1069 3026 tu-

119 3076 212 3159 guriis
240 3083 272 3138 et
299 3069 467 3136 arboribus
494 3073 572 3138 raris
595 3070 731 3151 obsitus,
758 3071 874 3139 indicio
899 3085 959 3152 est,
988 3096 1069 3160 quae

120 3187 248 3248 maxima
261 3187 301 3248 sit
314 3185 449 3250 fluminis
465 3181 607 3248 altitudo.
644 3183 733 3249 Litus
748 3183 954 3265 occidentale,
974 3207 1068 3250 arena

117 3293 227 3380 libyca
248 3293 401 3374 obrutum,
422 3317 524 3382 pauca
542 3305 661 3362 tantun
682 3296 808 3361 bmnani
823 3295 924 3362 cultus
940 3301 1068 3385 vestigia

116 3406 256 3475 exhibet

183 3521 324 3604 Fastigio
345 3518 405 3601 (G)
427 3520 548 3598 relicto,
570 3521 668 3606 ripam
689 3520 811 3585 insulae
832 3517 1069 3584 meridionalem

185 3723 387 3803 hieroglypbieis
404 3726 504 3799 signata
521 3732 590 3792 sunt,
608 3744 623 3780 a
641 3721 740 3799 reliqua
757 3725 830 3800 rupis
847 3720 917 3780 mole
933 3730 1068 3800 separatus

186 3821 236 3881 est,
253 3821 373 3888 quartum
390 3821 477 3868 autem
488 3809 556 3868 latus
572 3813 655 3868 instar
666 3810 737 3867 basis
748 3829 811 3866 saxo
824 3808 953 3866 adlmeret.
984 3807 1068 3865 Tanta

189 3908 243 3956 erat
258 3898 353 3956 fiducia
370 3901 398 3954 in
416 3895 570 3954 difficillimo
588 3895 714 3954 avellendi
731 3895 833 3965 labore,
856 3907 933 3972 atque
951 3906 1004 3953 tam
1022 3915 1067 3972 pa-

190 4003 256 4053 rum,
273 4005 307 4041 ne
325 3983 487 4059 frangeretur
504 3982 583 4060 lapis,
600 3984 763 4042 verebantur.

1134 3539 1230 3593 Scalae

996 3681 1000 3691 Ι
1080 3610 1278 3664 ηιονίὀὲοηαὶει.
