3026 4920
994 431 1083 508 43'

55 623 103 678 ut
130 615 174 677 in
197 612 291 677 sacris
312 597 450 696 publicis
470 605 558 672 laces
574 603 794 689 accendantur,
815 625 874 692 per
887 604 1043 699 reliquum
1095 619 1170 679 Paua
1183 621 1208 684 1,

8 719 9 754 ³
58 735 207 812 tempus
230 724 407 790 obscuritas
430 723 479 784 sit.
530 719 741 785 Nihilominus
770 721 847 783 mira
868 721 1062 806 Aegyptio-⁴

56 859 144 902 rum
181 836 343 924 diligentia
370 843 404 898 et
424 834 577 917 parietes.
590 845 621 898 et
643 832 803 897 lacunaria
824 835 919 918 signis
941 833 1045 897 hiero

8 943 11 983 '
56 951 239 1038 glyphicis
271 947 449 1024 exornavit,
479 967 516 1009 ac
542 944 600 1009 vel·
616 947 773 1009 minimam
795 964 952 1032 quamque
973 965 1045 1032 par-

8 1058 9 1094 l
56 1076 143 1128 tem
183 1065 316 1128 maxima
345 1073 420 1121 cura
451 1057 640 1123 elaboravit.
697 1057 897 1143 Quamquam
924 1061 958 1122 in
985 1059 1045 1122 hac

8 1172 10 1210 ¹
59 1184 177 1260 parte
205 1184 323 1238 tectum
351 1172 580 1258 integerrimum
608 1173 771 1248 remansit,
806 1180 911 1234 tamen
939 1172 1045 1234 omnia

65 1283 255 1348 conclavia
275 1286 372 1348 ruinis
395 1293 432 1352 et.
447 1281 605 1369 lapidibus
627 1280 756 1368 impleta
778 1293 864 1359 sunt,
894 1303 976 1367 quae
1004 1303 1044 1346 eo

71 1408 235 1478 tempore
259 1405 409 1481 congesta
428 1419 496 1460 esse
520 1393 773 1480 credimusque
796 1417 906 1460 omues
930 1398 962 1458 in
981 1396 1045 1459 Ae-

75 1517 191 1594 gypto
208 1507 360 1572 ecclesiae
380 1510 565 1574 christianae
581 1507 622 1572 ab
638 1505 798 1572 Araitlbus
814 1529 944 1572 eversae
960 1517 1042 1571 sunt.

72 1623 185 1686 Nunc
213 1620 308 1685 aedes
337 1621 545 1707 pulcherrirna
572 1621 695 1686 incolas
723 1620 820 1686 habet
848 1618 956 1685 nullos
985 1621 1046 1682 nisi

70 1733 328 1819 vespertiliones
378 1737 433 1818 qui
460 1747 602 1820 magnam
632 1737 785 1819 parietum
813 1743 935 1818 partem
963 1729 1046 1794 nidis

73 1841 354 1923 contaminarunt,
388 1845 519 1910 foedum
546 1857 728 1933 spargentes
762 1846 910 1922 odorem,
944 1843 1046 1929 qualis

77 1971 135 2025 est
158 1979 328 2045 corporum
349 1959 828 2036 mortuorum-molestissimum
850 1957 953 2034 illum,
980 1975 1045 2042 quo

74 2073 240 2160 pleraque
268 2073 417 2158 Aegypti,
436 2070 553 2157 templa
583 2083 615 2137 et
640 2073 788 2158 hypogea
811 2070 940 2158 perlusa
963 2078 1044 2134 sunt.

75 2190 123 2250 In
152 2184 311 2262 conclavi,
348 2182 437 2271 quod
452 2182 602 2248 medium
632 2195 680 2248 est
714 2187 796 2249 inter
830 2185 1044 2260 remotissima,
1103 2213 1209 2270 sacena

8 2335 9 2340 1
76 2302 145 2364 tria
168 2297 284 2362 sacella
299 2296 476 2362 monolitha
492 2299 640 2382 granitica
656 2296 736 2361 olim
748 2294 925 2371 exstabant;
948 2312 1046 2358 unum
1075 2287 1230 2342 ''wistilia-

8 2417 9 2436 ¹
78 2413 309 2475 Britannorum
338 2431 500 2498 proxenus
531 2407 647 2472 Saltius
677 2409 826 2472 Kaldram
853 2417 1045 2494 transporta-

80 2527 139 2587 vit.
192 2523 269 2608 Quo
293 2521 458 2608 adempto,
486 2525 519 2586 in
543 2519 613 2597 illa,
643 2542 735 2606 quam
760 2519 894 2598 obtexit,
917 2523 1045 2607 parietis

81 2649 177 2722 parte
210 2633 301 2697 Isidis
336 2631 436 2718 figura
471 2635 630 2720 apparuit,
667 2633 896 2719 elegantissima
932 2653 1046 2718 corpo-

85 2751 129 2811 ris
163 2746 279 2821 forma,
314 2765 414 2830 opere
447 2745 570 2810 caelato
601 2766 758 2830 expressa.
814 2747 887 2811 Hoc
913 2759 1046 2832 parvum

89 2856 266 2942 exemplum
289 2867 350 2932 oet,
365 2854 479 2941 qualis
501 2858 595 2923 luerit
617 2856 693 2923 olim
715 2869 782 2924 tota
806 2859 911 2924 aedes.
956 2861 1046 2924 Varii

92 2969 218 3033 colores
246 2971 279 3032 in
308 2967 385 3032 albo
415 2966 515 3033 fundo
539 2973 786 3056 conspiciuntur,
817 2990 952 3058 quorum
974 2969 1047 3036 sub·-

92 3081 154 3144 tilis
188 3096 238 3144 ars
274 3089 307 3144 et
332 3082 533 3166 integerrima
572 3086 771 3148 conservatio
809 3095 905 3171 quum
941 3102 1047 3168 quern-

92 3209 155 3280 qne
175 3196 370 3278 spectantem
391 3198 589 3264 nuncetiam
611 3214 729 3260 summa
753 3197 958 3261 admiratione
980 3194 1047 3260 alii-
1127 3185 1129 3189 ¹

90 3309 188 3383 ciant,
219 3315 335 3390 quanta
363 3305 596 3391 pulchritudine
620 3308 805 3374 excelluisse
829 3331 958 3374 censeas
980 3324 1054 3374 mm

89 3427 274 3483 numentum
297 3422 381 3483 omni
403 3432 494 3505 parte
517 3420 632 3484 eodem
654 3421 752 3486 modo
776 3425 978 3487 exornatum?

154 3531 301 3596 Alterum
328 3531 478 3596 sacellum
506 3533 715 3598 rnonollthum
740 3538 773 3598 in
797 3533 941 3599 conclavi
963 3532 1048 3618 adja-

95 3655 180 3708 cente
210 3655 402 3724 asservatur,
432 3656 518 3710 tanta
548 3647 681 3733 caligine
702 3646 894 3724 involutum,
920 3656 958 3710 ut
979 3647 1047 3710 sine

98 3755 173 3820 duce
200 3755 287 3822 haud
308 3757 401 3842 facile
424 3761 556 3843 reperiri
578 3763 688 3845 possit.
723 3759 819 3824 ¹Post
846 3762 973 3824 tertium
993 3781 1048 3822 va-

94 3879 167 3930 num
194 3867 359 3936 auferendi
388 3881 536 3935 conatum
564 3874 597 3936 iu
614 3885 750 3957 pronao
779 3871 966 3938 subversum
989 3882 1045 3935 est

94 3977 216 4044 sacella
237 3981 415 4047 monolitha
435 4001 549 4048 caveas
564 3983 671 4050 lta'sse
684 3986 838 4073 accipitris
853 3987 944 4062 aaut,
967 3993 1048 4050 teste
