3000 4908
452 439 504 518 92

282 631 406 690 rann.
455 617 641 693 altematur;
670 613 848 700 undique
876 623 1095 700 praerupta
1126 622 1173 676 est
1199 609 1317 690 insula,
1349 633 1420 680 non

454 742 558 796 autem
588 750 742 814 aspera,
772 748 843 790 cum
872 725 942 792 sola
972 749 1010 792 ex
1032 736 1082 791 tot
1104 726 1279 790 cataractae
1302 727 1416 792 insulis

455 841 496 906 ad
518 839 635 926 templa
657 837 854 904 aedificanda
876 838 979 904 solnm
1001 836 1130 925 planum
1149 835 1347 924 praebuerit·
1367 875 1410 886 -
1493 839 1494 850 ‘

453 953 548 1019 Nilus
586 973 653 1016 eam
691 973 820 1037 neque
863 973 1022 1036 magnus
1059 971 1166 1035 neque
1203 951 1403 1015 violentus
1454 983 1461 992 ·

454 1062 649 1152 praelabitur
678 1075 736 1128 etc.
783 1063 907 1150 Quibus
931 1063 971 1128 de
994 1064 1112 1128 caussis
1135 1085 1230 1148 supra
1251 1066 1284 1126 in
1310 1066 1411 1128 conci

453 1164 566 1241 liandis
598 1179 785 1262 scriptormn
815 1174 855 1240 de
885 1175 981 1240 Philis
1012 1185 1043 1239 et
1071 1174 1177 1239 Abato
1207 1175 1410 1261 opinionibus

453 1292 582 1354 minoris
616 1292 765 1355 momenti
801 1288 988 1354 credidimus
1024 1289 1241 1357 auctoritatem
1269 1287 1413 1352 Senecae

276 1427 414 1481 Lucanas.
452 1392 655 1488 nepotisque'
678 1403 745 1489 ejus
778 1402 913 1478 Lucani,
948 1403 1002 1485 qui
1029 1403 1062 1464 in
1090 1399 1199 1463 Phars.
1228 1398 1282 1464 lib.
1313 1402 1355 1465 X.
1386 1425 1413 1464 v.

234 1507 238 1516 ⁸
454 1509 642 1580 all-326
676 1513 802 1600 longam
838 1524 873 1608 et
897 1523 1108 1599 praestantem
1134 1511 1201 1577 Nili
1228 1510 1416 1598 descriptio·
1493 1521 1494 1526 ’

453 1649 541 1706 nem,
563 1630 667 1714 patrui
688 1629 899 1690 narrationem
922 1637 1007 1690 arcte
1029 1636 1172 1704 secutus,
1193 1623 1339 1690 versibus
1362 1647 1413 1688 ex-

453 1742 581 1827 pressit;
619 1739 658 1803 cl.
689 1739 817 1803 Salmas.
847 1737 869 1802 l.
899 1737 920 1802 l.
950 1763 981 1825 p.
1012 1739 1077 1802 439
1106 1737 1149 1816 Β,
1183 1727 1244 1801 ubi⁸
1270 1736 1414 1824 singulos

452 1853 574 1918 Lucani
606 1874 716 1918 versus
754 1874 824 1916 cum
857 1851 986 1938 singulis
1021 1852 1163 1916 Senecae
1196 1849 1302 1914 verbis
1338 1871 1415 1914 con-

453 1965 606 2030 feruntur.

290 2094 397 2149 Plinius
520 2078 671 2162 Magnum
707 2099 789 2161 opus
818 2077 995 2141 Plinianum
1029 2072 1186 2141 nonnulla
1219 2071 1259 2137 de
1292 2072 1415 2138 finibus

296 2167 393 2234 rnajor.
454 2191 593 2274 Aegypti
613 2187 890 2266 meridionalihus,
919 2192 1020 2253 minus
1043 2200 1147 2254 tamen
1169 2197 1313 2250 accurata
1338 2208 1417 2252 con-

454 2306 548 2381 tinet,
578 2300 691 2389 quibus
715 2305 788 2367 satis
813 2303 932 2380 elucet,
962 2303 1146 2388 scriptorem
1167 2321 1274 2385 neque
1297 2302 1416 2378 omnia,
1493 2277 1494 2296 ³

456 2439 538 2502 quae
562 2415 777 2500 descripserit,
799 2419 963 2496 ‚visitasse
991 2437 1097 2500 neque
1121 2412 1231 2478 eadem
1254 2391 1329 2476 cura
1352 2421 1416 2476 tra·
1493 2407 1494 2436 A

455 2540 571 2602 ctasse3
594 2527 633 2590 H.
657 2527 697 2590 N.
714 2529 755 2605 V,
780 2529 830 2591 lt).
868 2528 890 2589 Ι.
915 2549 945 2611 p.
969 2528 1035 2590 256
1059 2524 1219 2592 ed.Hdrd.
1256 2523 1414 2603 „Ditionis

455 2641 610 2726 „Aegypti
645 2662 715 2705 esse
752 2641 860 2725 incipit
894 2638 1029 2719 (lullus)
1068 2662 1086 2702 a
1122 2637 1188 2704 sine
1216 2633 1413 2722 'Aethiopiae

455 2754 594 2839 „Syenm
629 2755 672 2816 ita
700 2762 835 2816 vocatur
862 2748 1029 2837 peninsula
1057 2750 1144 2816 mille
1172 2770 1320 2836 passuum
1348 2770 1413 2810 am·
1493 2759 1494 2772 ¹

455 2863 556 2944 „bitu,
578 2868 612 2928 in
635 2887 697 2951 qua
721 2873 821 2928 castra
843 2873 916 2926 sunt
937 2859 1036 2926 latere
1059 2861 1212 2941 Arabiae,
1242 2873 1274 2926 et
1297 2883 1335 2925 ex
1358 2860 1413 2924 ad-

451 2999 566 3059 „verso
582 2976 685 3042 insula
700 2977 749 3040 Ν
764 2973 824 3054 (M.
840 2974 875 3037 P.
893 2973 1023 3054 ambitu)
1038 2974 1156 3039 Philae.
1179 3011 1223 3024 -
1252 2973 1414 3060 Elephan-

455 3093 511 3169 „tis
533 3085 636 3153 insula
657 3091 738 3151 intra
760 3089 961 3159 novissimum
986 3097 1163 3154 cataracten
1185 3089 1234 3152 Ν
1255 3087 1302 3151 Μ.
1318 3087 1353 3150 Ρ.
1382 3097 1414 3152 et

454 3223 566 3287 „supra
597 3200 728 3285 Syenen
756 3200 833 3263 XVI
861 3199 907 3264 M.
939 3199 974 3264 P.
1003 3199 1173 3278 habitatur,
1203 3201 1411 3285 navigationis

453 3314 648 3400 „Aegyptiae
662 3311 753 3376 fines.
777 3349 821 3360 -
843 3309 892 3376 lbi
913 3304 1120 3399 Aethiopicae
1144 3315 1336 3378 conveniunt
1358 3335 1405 3377 na-

376 3407 379 3412 ⁴
454 3447 541 3506 „ves3
580 3445 716 3510 namque
758 3447 811 3490 eas
851 3422 1005 3510 plicatiles
1039 3427 1174 3490 humeris
1212 3419 1408 3503 transierimt,
1479 3441 1484 3452 ’

453 3541 619 3626 „quotiens
650 3537 690 3604 ad
720 3549 889 3606 cataractas
917 3548 1047 3602 ventum
1076 3547 1123 3600 est
1145 3535 1207 3618 *).“
1258 3535 1417 3616 Quamvis
1493 3523 1494 3554 A

455 3695 657 3730 -ss----

1409 3763 1415 3794 l

423 3820 424 3824 ,
489 3827 520 3898 ἢ
543 3825 575 3882 cl'.
594 3822 701 3898 Josepb.
720 3821 754 3876 de
776 3819 808 3877 Β.
827 3820 850 3878 J.
869 3817 914 3885 IV,
933 3823 976 3874 10.
1001 3823 1060 3874 ὁδὲ
1078 3799 1177 3879 Νεῖλοςλ
1190 3813 1345 3872 ἀναπλεῖται
1362 3841 1416 3890 με·
1493 3759 1494 3842 A

524 3919 570 3985 χρὶ
591 3913 637 3981 τῆς
652 3905 814 3981 ’cleptum
837 3911 994 3978 καλουμένης
1013 3904 1122 3970 πόλεως,
1146 3904 1210 3978 ὑπὲρ
1229 3902 1263 3974 ἢν
1281 3909 1415 3977 εἴργουσιν

526 4001 682 4069 προσωτέρω
696 4003 788 4068 χωρεῖν
807 3992 855 4055 οὓς
873 3992 1063 4067 προειρήκαμεν
1081 3990 1258 4066 καταράκτας.
1493 4009 1494 4068 ρ
