3026 4920
988 495 1037 569 33

83 677 247 764 compositi
273 683 362 750 sunt;
379 681 489 756 atque
510 673 578 758 ipsa
601 689 692 734 arcus
714 668 830 750 lorma,
858 681 971 757 portae
993 675 1039 738 in·
1090 680 1165 738 Pras
1184 681 1203 737 1.

78 801 157 869 star,
189 791 222 854 in
250 785 343 853 nullo
374 783 437 848 alio
466 783 697 870 Aegyptiorum
726 785 846 870 templo
874 786 1038 872 hucusque

76 913 220 990 reperta,
249 899 291 965 de
322 897 506 984 antiquitate
530 895 758 961 dubitationem
781 919 959 983 provocare
981 920 1039 986 po-

76 1019 206 1091 tuisset;
240 1033 348 1099 neque
377 1013 587 1096 pronunciare
616 1031 777 1088 veremur,
811 1011 1038 1076 florentissimis

79 1131 156 1193 artis
189 1120 387 1210 temporibus
420 1123 598 1208 Aegyptios
635 1133 666 1187 et
695 1120 840 1188 Graecos
876 1146 1039 1190 concame-
1137 1123 1138 1138 ¹

78 1237 174 1306 randi
195 1249 296 1303 artem
316 1255 421 1320 neque
444 1237 635 1312 exeruisse,
665 1256 772 1321 neque
794 1240 922 1301 novisse
945 1236 1038 1302 adeo.

85 1388 127 1401 -
158 1347 224 1413 Sed
251 1357 287 1411 ut
313 1349 375 1432 jam
397 1339 437 1411 ad
458 1348 615 1434 porticum
636 1345 816 1411 Philensem
837 1360 1040 1428 revertamur,
1087 1368 1213 1422 Pontou,

85 1465 121 1525 in
149 1483 212 1546 qua
241 1455 446 1524 describenda
473 1458 691 1536 versabamur,
720 1461 842 1546 triginta
873 1465 964 1525 trium
987 1483 1040 1526 co·
1061 1439 1240 1564 omma

86 1573 260 1638 lumnarum
289 1574 385 1638 sen'es
411 1571 590 1657 ingentibus
615 1575 696 1636 saris
719 1576 926 1660 superpositis
948 1596 1040 1640 muro

85 1707 207 1750 annexa
243 1695 300 1750 est.
357 1685 510 1780 Satorum
543 1684 700 1750 nonnulla
729 1708 767 1748 ex
796 1685 861 1751 alto
890 1686 1041 1772 prolapsa

81 1798 245 1863 laeserrmt
268 1797 404 1885 capitula
426 1797 479 1862 vel
496 1797 724 1884 perfregerunt,
745 1801 880 1884 viaeque
896 1817 1041 1885 magnum

79 1909 339 1998 impedimentum
380 1909 526 1975 allenmt.
592 1909 706 1974 Murus
745 1913 847 1996 primo
888 1911 1041 1998 adspectu

81 2023 187 2100 multis
223 2023 304 2096 locis
342 2045 450 2089 carere
484 2020 611 2087 videtur
644 2020 752 2108 figuris
788 2024 1041 2114 hieroglyphicis,

82 2159 167 2223 quae
200 2136 352 2223 reliquam
383 2139 537 2223 porticmn
568 2135 753 2200 densissimo
784 2140 919 2223 agmine,
953 2140 1043 2223 quasi

82 2248 188 2328 nube,
211 2248 376 2334 obtegunt3
400 2251 573 2313 accuratius
596 2259 700 2313 autem
722 2250 750 2312 si
770 2249 975 2336 indagaveris,
997 2249 1042 2314 fa-

86 2361 149 2424 cile
178 2364 362 2448 perspicies,
390 2359 493 2426 nudas
523 2371 627 2446 partes
656 2365 822 2446 praetenui
848 2362 913 2426 limi
942 2372 1040 2427 strato

19 2507 24 2514 ·
87 2473 190 2557 (quod
212 2493 306 2560 supra
327 2473 513 2539 lithocollae
535 2476 663 2537 nomine
679 2472 921 2559 designavimus)
943 2486 1041 2540 tectas

88 2607 171 2664 esse,
201 2589 256 2672 qur'
283 2607 412 2673 prorsus
442 2585 583 2672 ejusdem
608 2596 655 2650 est
678 2585 795 2667 coloris
819 2610 855 2651 ac
877 2586 957 2672 lapis
981 2585 1042 2650 cal-

85 2702 196 2764 carius.
234 2699 348 2785 Scopis
371 2698 455 2763 haud
477 2696 650 2762 dilficulter
663 2711 852 2779 removetur,
875 2721 940 2786 quo
956 2699 1040 2764 facto

83 2812 226 2897 singulae
254 2813 422 2897 imaginum
449 2821 554 2896 partes
582 2796 690 2875 rursus
717 2822 884 2898 apparent;
914 2811 1040 2876 colores

87 2933 198 3001 autem,
221 2922 336 3009 quibus
361 2933 493 2987 ornatae
514 2921 639 2988 fuerant
652 2923 781 3009 figurae,
804 2923 912 3012 lutum,
934 2933 969 2987 ut
990 2944 1041 2987 so-

89 3033 146 3111 let,
166 3035 219 3100 vel
241 3034 393 3112 dissolvit,
416 3035 470 3099 vel
490 3033 621 3099 multum
643 3038 802 3120 imminuit.
845 3037 950 3101 Strato
974 3057 1041 3100 sae-

91 3147 163 3230 pius
189 3147 322 3213 anobis
352 3148 482 3214 detruso
510 3150 543 3212 in
565 3147 670 3212 multis
692 3147 814 3213 insulae
836 3148 931 3226 locis,
959 3151 1041 3213 inter

88 3255 217 3322 colores
240 3259 417 3324 caeruleum
439 3263 569 3326 maxime
592 3263 778 3324 remansisse
798 3260 948 3340 vidimus,
975 3271 1041 3325 tum

86 3368 227 3449 rubrum,
250 3382 425 3438 ceterorum
446 3374 600 3438 rarissima
622 3382 696 3437 sunt
716 3373 855 3458 vestigia.

155 3481 385 3550 Columnarum
407 3483 548 3572 capitulis
572 3505 642 3548 oum
664 3487 793 3548 omnino
809 3486 1040 3570 Aegyptiorum
1054 3492 1245 3580 capitulorum·

87 3597 295 3663 architectura
322 3595 501 3683 splendeat,
527 3595 585 3660 illa
612 3607 731 3676 tamen,
760 3617 842 3682 quae
864 3596 961 3662 Philis
990 3618 1042 3662 ex·-
1058 3578 1242 3639 praestantur.

90 3717 183 3789 stant,
219 3711 333 3775 ceteris
370 3707 516 3775 omnibus
554 3708 787 3795 pulchritudine
825 3720 858 3775 et
889 3713 1041 3774 varietate

93 3815 206 3886 formae
232 3819 436 3888 antecellunt.
487 3820 717 3888 Columnarum
744 3821 881 3908 capittda
907 3825 942 3888 in
967 3843 1041 3908 por-

94 3928 155 3993 ticu
175 3933 244 4017 (D)
264 3937 348 4000 inter
368 3957 404 4000 se
427 3931 578 3998 differunt
600 3936 719 4013 omnia,
740 3933 799 4000 sed
820 3937 898 4001 mira
919 3934 1040 4000 formae

93 4037 236 4128 dignitate
270 4069 418 4136 quaeque
452 4049 612 4133 insignita;
648 4058 743 4114 tenue
777 4046 906 4134 quidem
935 4046 1041 4114 dison·-

816 4159 839 4224 3
