3000 4908
446 457 497 531 86

270 649 346 707 Pras
364 647 396 707 11.
448 655 526 701 nera
547 633 689 698 facerent
711 640 806 716 atque
830 629 913 696 adeo
936 627 1126 716 templorum
1149 629 1343 696 ornamentis
1365 632 1413 696 in.
1497 642 1498 724 l

448 743 625 812 staurandis
649 765 754 808 curam
775 741 1005 828 impenderent.
1019 774 1064 790 -
1083 743 1156 806 dam
1177 739 1346 807 redeamus
1370 744 1411 809 ad
1497 793 1498 796 η

451 856 684 943 expeditionem
706 855 937 942 Aethiopicam.
1152 943 1156 951 Ι

279 990 401 1048 Dorcea·
517 967 623 1034 Urbes
648 980 679 1034 et
701 967 821 1055 oppida
845 967 1031 1032 aPetronio
1047 975 1147 1053 capta,
1171 987 1308 1056 quorum
1324 967 1401 1053 apud

238 1063 438 1190 'amm'
449 1080 641 1148 Strabonem
671 1092 703 1148 et
727 1081 872 1148 Cassium
894 1079 1035 1144 Dionem
1057 1081 1176 1144 mentio
1201 1090 1263 1157 est,
1292 1083 1327 1146 in
1356 1080 1409 1144 illa

450 1198 582 1281 regione
620 1192 802 1280 quaerenda
841 1215 925 1269 esse,
965 1195 1016 1256 cui
1043 1191 1320 1258 *Dodecaschoeni
1355 1215 1411 1258 no·

451 1329 524 1373 men
552 1306 603 1389 l¹),
639 1318 672 1372 et
705 1305 781 1372 inde
815 1327 918 1392 usque
953 1302 994 1369 ad
1023 1303 1195 1370 secundam
1224 1315 1412 1372 cataractam

451 1419 774 1486 Wadi-Haliensem
807 1417 986 1484 luculenter
1023 1419 1169 1502 exposuit
1200 1418 1343 1484 Ritterus
1381 1423 1414 1485 in

452 1531 572 1617 Geogr.
595 1534 619 1611 1,
640 1556 672 1619 p.
696 1533 777 1610 592,
799 1531 892 1596 simul
912 1551 1060 1607 monens,
1083 1529 1177 1594 Plinii
1198 1534 1415 1598 narrationem
1498 1589 1499 1594 ,

453 1644 535 1726 (VI,
564 1645 617 1710 35.
647 1643 767 1726 Hard.)
795 1646 896 1708 niam
926 1653 1102 1708 accuratam
1133 1665 1202 1708 esse
1226 1647 1345 1730 quain
1366 1644 1414 1709 di-

453 1760 588 1836 stantiis,
611 1759 728 1843 quain
750 1754 946 1834 nominibus,
966 1755 1020 1821 vel
1043 1756 1132 1842 quod
1154 1759 1291 1842 scriptor
1310 1759 1414 1822 nesci·
1498 1749 1499 1844 l

452 1882 510 1948 ret,
533 1869 587 1935 vel
610 1869 698 1957 quod
720 1869 794 1934 libri
817 1871 958 1957 corrupti
981 1879 1094 1934 essent.
1141 1870 1257 1955 Neque
1278 1870 1412 1935 multum

452 1982 582 2072 proficit
609 1985 643 2046 in
670 1983 862 2069 singularum
886 1982 1012 2047 urbium
1034 1985 1096 2048 situ
1119 1980 1303 2048 definiendo
1327 1983 1413 2048 Stra-
1498 2013 1499 2082 p

453 2095 548 2161 bonis
571 2096 748 2175 auctoritas,
771 2118 850 2174 crnn,
871 2098 904 2175 in
927 2117 989 2182 qua
1003 2095 1071 2160 Nili
1090 2097 1159 2181 ripa
1174 2095 1343 2161 Petronius
1359 2119 1413 2161 ex·

453 2206 649 2295 peditionem
676 2206 800 2287 fecerit,
832 2229 993 2296 exponere
1022 2206 1243 2295 supersederit.
1301 2208 1413 2293 Quan-

454 2334 519 2387 tum
541 2324 575 2386 in
603 2320 766 2387 nonnullis
795 2323 923 2387 nomina
951 2320 1048 2386 hodie
1075 2323 1188 2385 usitata
1217 2322 1272 2401 (ut
1300 2319 1415 2400 Corte,

454 2433 565 2511 lbrirn,
594 2432 716 2516 Tafah)
743 2437 867 2520 juvant,
899 2445 1017 2500 tantum
1040 2431 1185 2500 officiunt
1207 2431 1261 2497 alii
1279 2435 1416 2519 scripto·

453 2567 522 2625 res,
558 2548 591 2611 in
629 2546 775 2612 auxilium
812 2550 960 2614 arcessiti.
1026 2548 1172 2632 Quorum
1209 2543 1414 2612 Ptolemaeus

454 2658 589 2746 (Geogr.
612 2657 683 2722 libr.
707 2660 764 2738 lV,
788 2660 831 2740 6)
854 2659 1160 2747 Hiero-Sycaminon
1184 2669 1215 2723 et
1237 2657 1416 2722 Metacom-

455 2793 539 2858 pson
560 2774 593 2836 in
616 2771 776 2850 orientali,
802 2771 929 2838 Pselcin
952 2782 1056 2840 autem
1077 2773 1110 2837 in
1134 2769 1323 2836 occidentali
1344 2771 1415 2838 Nili

455 2905 513 2950 ora
534 2886 609 2949 sitas
633 2905 703 2948 esse
724 2883 808 2961 vult;
838 2896 949 2951 contra
969 2887 1160 2950 itinerarium
1183 2885 1337 2948 Antonini
1359 2888 1415 2970 (p.

456 2997 520 3062 164
544 2995 593 3061 ed.
617 2996 831 3084 Wesseling.)
854 2997 973 3084 oppida
991 3021 1014 3067 a
1031 2995 1287 3082 Contra-Syene
1309 3018 1416 3083 usque

456 3108 497 3173 ad
519 3108 839 3196 Hiero-Sycaminon
861 3114 894 3176 in
915 3113 983 3196 ripa
1007 3107 1212 3186 occidentali,
1234 3131 1253 3172 a
1276 3107 1417 3176 Contra-

247 3247 351 3302 Tutela
374 3219 559 3303 pamPselci
582 3219 623 3286 ad
645 3222 750 3286 Philas
773 3227 805 3288 in
829 3222 976 3288 orientali
997 3225 1097 3309 ponit.
1137 3219 1263 3286 Tabula
1285 3222 1416 3287 Peutin-

259 3318 426 3390 tingertana.
455 3335 582 3420 geriena
612 3337 755 3400 sectione
777 3337 856 3400 Vlll
884 3338 943 3418 (ex
973 3335 1046 3400 edit.
1070 3332 1231 3420 Scheyb.)
1259 3334 1338 3400 haec
1361 3335 1410 3398 ha-

309 3444 327 3482 Ὓ
453 3441 519 3525 bet,
541 3445 637 3531 longe
661 3470 679 3512 a
701 3469 780 3512 vero
805 3447 921 3513 aliena:

558 3599 560 3606 ·
606 3559 714 3645 Syene

607 3672 713 3758 Spelci
739 3674 838 3735 XVll.

490 3930 519 4001 ⁸)
547 3928 714 3986 adamBratnr
737 3925 977 3987 Dodecaschoenut
1000 3929 1026 3984 in
1050 3924 1147 3984 llerod.
1170 3923 1208 3995 ll,
1232 3927 1276 3982 29.
1299 3925 1421 4001 primum

500 4069 502 4074 .
526 4017 676 4073 nominatur
692 4014 762 4092 apud
779 4014 890 4072 Ptolem.
911 4014 1007 4090 Geogr.
1026 4014 1069 4070 lib.
1088 4010 1135 4082 lv,
1153 4017 1178 4070 6.
1278 4052 1286 4069 .
