3026 4920
402 511 405 516 ,
446 439 470 512 4

277 635 352 698 pm
370 637 388 697 ι,
447 617 522 706 gulo
544 623 633 680 recto
657 607 855 678 occidentem
875 628 984 676 versus
1007 609 1143 676 flectitur
1163 609 1214 692 lt),
1243 620 1275 674 et
1295 609 1328 674 in
1350 631 1402 676 re-

445 732 596 794 motiores
619 735 791 790 cataractae
813 723 964 810 scopulos
984 725 1163 788 immittitur.
1200 723 1307 808 Prope
1329 723 1402 788 Phi-

446 840 502 919 las,
524 839 664 905 Africum
686 834 901 900 versusduae
920 835 1041 899 insulae
1056 837 1192 920 majores
1207 838 1293 913 sitae,
1316 857 1399 920 qrrae

446 966 550 1020 tamen
586 953 626 1016 ad
661 945 856 1012 aedificanda
891 945 1007 1031 templa
1034 947 1145 1032 partim
1172 926 1398 1032 magnitudine,

446 1061 557 1145 partim
574 1079 576 1084 ·
592 1059 654 1122 soli
687 1059 886 1123 inclementia
917 1058 1025 1123 locmn
1057 1061 1158 1122 minus
1186 1071 1291 1144 aptum
1319 1059 1400 1124 offe-

446 1181 533 1246 runt3
561 1192 628 1235 non
656 1175 766 1236 mir-um
793 1173 887 1256 igitur
907 1169 1064 1248 videatur,
1094 1174 1126 1234 in
1149 1169 1245 1234 Philis
1267 1182 1399 1256 propter

447 1282 509 1347 soli
541 1282 700 1368 planitiem
736 1287 857 1369 priscos
891 1283 1034 1346 homines
1068 1281 1210 1348 aedificia
1239 1293 1397 1351 exstruere

446 1394 601 1459 maluisse.
651 1397 761 1460 Mmor
788 1393 904 1471 insula,
935 1417 1027 1480 quam
1056 1395 1164 1480 Bageh
1190 1395 1314 1460 incolae
1341 1418 1399 1461 vo-

447 1517 533 1586 cant,
561 1511 652 1593 parvi
680 1507 788 1593 templi
814 1507 943 1591 vestigia
970 1509 1003 1570 in
1031 1505 1124 1574 litore
1147 1507 1293 1574 orientali
1315 1509 1397 1572 exhi-

446 1618 515 1698 het,
544 1630 648 1684 cetera
670 1641 742 1705 pars
764 1621 845 1684 saxis
866 1617 989 1703 repleta
1018 1629 1079 1694 est;
1107 1622 1141 1684 in
1166 1619 1270 1683 media
1295 1619 1395 1684 insule

445 1731 551 1796 nudae
572 1751 669 1817 rupes
690 1733 723 1795 in
746 1729 940 1796 altitudinem
962 1729 1030 1792 fere
1053 1729 1394 1817 ducentorum'pedum
1497 1775 1498 1786 r

448 1843 653 1920 extolluntur,
677 1863 807 1927 quarum
830 1844 988 1906 cenimina
1010 1841 1169 1906 horrenda
1189 1845 1222 1906 in
1243 1866 1392 1930 praeceps

444 1957 550 2020 ruenti
572 1947 745 2039 comparari
767 1963 909 2040 possunt.
947 1953 1055 2038 Major
1075 1954 1185 2032 insula,
1209 1957 1395 2020 cui.Hesseh

418 2057 578 2144 momen,
610 2087 713 2152 prope
746 2067 873 2130 fluvium
902 2068 935 2128 in
964 2063 1057 2129 litore
1084 2065 1282 2135 meridionali
1309 2090 1395 2140 casas

446 2177 618 2257 Nubarum‚
641 2172 823 2244 stramentis
837 2188 935 2242 tectas
957 2175 1061 2256 habet,
1082 2177 1204 2263 reliqua
1225 2201 1297 2264 pars
1319 2179 1396 2244 nihil

445 2292 506 2356 nisi
529 2311 673 2356 saxorum
691 2313 821 2355 acervos
838 2288 1010 2356 cumulatos
1026 2290 1129 2367 offert,
1153 2289 1297 2354 domibus
1312 2290 1396 2354 aedi-

443 2401 577 2468 ficandis
599 2405 723 2467 minirne
744 2402 895 2479 idoneam
917 2401 1005 2466 nulla
1026 2401 1071 2466 ibi
1093 2405 1280 2488 antiquitatis
1302 2405 1396 2466 vesti-

370 2499 379 2518 ⁶
444 2517 504 2601 gia.
553 2513 710 2579 Philarum
732 2514 849 2594 solum,
871 2536 1016 2583 saxosum
1038 2512 1177 2599 quidem,
1205 2511 1329 2577 modica
1349 2521 1396 2577 ta-

445 2648 518 2692 men
540 2626 703 2693 altitudine
724 2625 802 2691 Nilo
825 2627 1021 2713 prominens,
1050 2646 1153 2691 aream
1174 2628 1247 2690 satis
1269 2624 1395 2711 planem

446 2739 569 2826 templis
593 2738 766 2806 condendis
788 2736 929 2825 praebet.

249 2863 404 2933 ¹Ptttorum
512 2851 546 2916 Si
573 2850 683 2937 paullo
712 2849 836 2937 longius
857 2853 891 2914 in
914 2845 1127 2914 descrihendis
1148 2847 1328 2936 legipnibus
1349 2851 1395 2914 in-

231 2943 434 3076 pmssffi·
447 2963 535 3028 sulae
569 2961 858 3048 circumjacentibus
895 2965 1077 3026 commorati
1105 2983 1224 3039 sumus,
1257 2961 1292 3025 id
1319 2961 1393 3026 ideo
1497 3017 1498 3020 ,

445 3075 561 3140 factum
583 3085 638 3153 est,
661 3073 750 3160 quod
770 3077 921 3139 montium
942 3075 1115 3138 vicinorum
1134 3072 1277 3137 sterilitas
1292 3072 1396 3137 Phila--

442 3207 514 3253 rum
537 3195 747 3272 conspectum,
769 3188 917 3271 imprimis
939 3175 1104 3250 amoenum
1119 3183 1229 3250 reddit.
1267 3186 1298 3250 A
1316 3206 1396 3272 quo-

439 3320 509 3386 quo
521 3298 624 3363 latere
640 3301 940 3384 appropinquaveris
957 3296 1105 3382 singulari
1120 3299 1307 3363 amoenitate
1323 3319 1394 3362 sese

446 3408 642 3476 commendat
663 3409 774 3488 insula,
790 3413 925 3474 maxime
947 3420 1050 3474 autern
1066 3433 1084 3474 a
1099 3408 1206 3496 Syene
1221 3409 1391 3476 accedenti.

444 3523 586 3586 Duarum
607 3521 675 3614 lere
696 3524 843 3586 horarum
864 3525 915 3587 via
931 3525 1024 3588 estin
1038 3521 1122 3586 valle
1138 3543 1286 3598 arenosa;
1306 3525 1391 3604 post-

445 3655 538 3720 quam
559 3631 705 3720 sepulcra
727 3633 852 3700 arabica
873 3657 974 3724 prope
987 3635 1119 3720 Syenen
1133 3627 1392 3721 reliqueramu-

478 3882 1393 3991 ·›aoteprartg,prr.praoaemeamoam

513 3991 614 4057 Kartera
630 3996 684 4056 uncl
700 3997 779 4058 Plane
797 3997 817 4056 l.
834 3997 870 4076 pl.
887 4002 912 4056 3.
