3026 4920
447 397 496 472 4⁰

279 580 354 638 Pon
372 578 392 637 1.
450 587 512 654 est,
537 573 597 642 sed
624 576 717 645 ctiam
743 581 890 640 ncunnn
911 593 1070 640 sacrarum
1092 567 1243 642 habitus
1270 584 1310 642 et
1335 574 1442 654 foma,

450 710 469 754 a
492 690 604 754 ceteris
625 685 737 772 templi
757 688 843 752 notis
865 683 962 772 longe
985 686 1119 754 diversa.

278 813 394 871 Senatu·
507 801 660 876 ,Minores
688 797 828 884 pylones
857 799 991 880 (NN¹)
1019 797 1158 888 obliquo
1191 799 1335 889 angulo
1362 799 1434 886 adjc
1483 794 1484 838 l

279 888 396 958 ΝΜ·
450 924 520 978 ctos
565 931 636 978 esse
679 913 775 989 atrio,
818 931 916 997 supra
951 913 1214 980 memoravimus.
1289 915 1422 1002 Quorm
1486 953 1487 992 p

451 1045 568 1090 summa
597 1045 670 1110 pars
698 1024 813 1111 injuria
841 1035 1020 1112 temporum
1043 1024 1226 1092 admodum
1253 1025 1357 1094 laesa
1381 1036 1425 1097 est,
1479 1059 1481 1081 ‹

450 1141 485 1204 in
512 1146 646 1224 utraque
669 1138 751 1202 enim
774 1135 825 1204 ala
846 1158 947 1222 pagus
968 1134 1112 1203 arabicus
1134 1138 1222 1204 olim
1250 1150 1427 1206 exstructus
1474 1083 1479 1195 l

450 1247 525 1328 luit,
553 1269 619 1336 quo
646 1247 763 1316 facum
793 1260 856 1328 est,
884 1259 921 1314 ut
943 1249 1119 1335 crepidines
1141 1274 1304 1318 summae
1328 1253 1429 1340 proje

453 1373 561 1428 cturae
587 1360 656 1430 fere
684 1384 795 1429 omnes
817 1361 1060 1450 dejecerunt,
1087 1368 1302 1450 tuguriorum
1328 1375 1425 1430 autem

452 1473 597 1542 labentes
625 1476 736 1542 ruinae
758 1473 942 1561 adspectum
969 1473 1110 1540 foedent.
1162 1477 1285 1544 Unum
1309 1483 1346 1544 in
1366 1497 1422 1542 me

453 1585 512 1653 diis
541 1586 717 1676 pylonibus
745 1589 874 1665 ostium,
911 1585 1044 1673 obliquo
1075 1588 1191 1675 angulo
1222 1613 1360 1658 murum
1380 1611 1422 1654 se

454 1723 543 1780 canc,
566 1699 677 1768 cadem
698 1703 823 1768 ratione
845 1711 1075 1781 constructum,
1103 1724 1166 1787 qua
1187 1706 1345 1790 priorum
1366 1727 1417 1794 py-

454 1813 565 1879 lonum
601 1823 709 1900 porta,
742 1815 786 1878 ita
815 1823 851 1878 ut
877 1812 991 1880 valvae
1019 1824 1147 1901 apertae
1175 1817 1266 1883 intra
1300 1839 1418 1886 murum

453 1925 560 1992 locum
582 1925 744 1993 haberent.
795 1925 925 1992 Aditum
946 1923 1080 2012 praebet
1102 1924 1326 2012 pulcherrimo
1350 1953 1416 2020 pro

454 2061 532 2118 nac,
562 2042 616 2123 qui
644 2040 727 2103 inter
754 2059 879 2116 omnes,
908 2059 945 2102 ex
967 2039 1198 2125 Aegyptiorum
1227 2043 1414 2126 antiquitate

454 2150 548 2217 nobis
577 2149 721 2228 relictos,
753 2150 846 2216 facile
874 2153 1007 2236 primum
1035 2151 1142 2216 locum
1171 2165 1324 2241 occupat.
1381 2151 1413 2213 ln

456 2285 522 2352 quo
550 2252 720 2329 condendo
750 2272 782 2329 et
805 2261 997 2328 collocando
1021 2265 1080 2328 etsi
1101 2263 1291 2350 angulorum
1314 2275 1411 2332 recto-

454 2398 524 2441 rum
546 2377 627 2441 ratio
649 2379 776 2464 saepius
800 2383 849 2442 est
868 2373 1022 2461 neglecta,
1042 2379 1199 2442 neminem
1220 2385 1331 2445 tamen
1346 2377 1412 2444 fore

421 2479 428 2520 ²
456 2488 623 2570 credimus,
648 2491 713 2577 qui,
735 2511 806 2559 cum
829 2499 914 2554 tanta
937 2492 977 2554 sit
998 2491 1094 2555 totius
1117 2491 1224 2576 operis
1246 2493 1410 2578 perfectio,

455 2604 489 2666 in
522 2611 585 2666 tam
617 2600 681 2666 levi
706 2604 797 2680 vitio,
839 2600 993 2687 siquidem
1027 2604 1135 2666 vitium
1170 2611 1232 2681 est,
1273 2605 1410 2668 haereat.

456 2713 579 2778 Decem
602 2712 755 2779 columnis
780 2723 902 2781 constat
924 2735 1080 2800 pronaos,
1109 2735 1239 2800 quarum
1267 2717 1304 2780 in
1332 2725 1409 2780 utra-

458 2847 521 2913 que
549 2837 640 2914 parte
669 2823 751 2891 duae
779 2827 813 2892 in
833 2824 940 2890 medio
963 2828 1100 2912 positae,
1129 2846 1219 2890 muro
1242 2827 1408 2894 intercolu·

456 2941 543 3004 mnio
566 2938 608 3004 ad
630 2942 751 3004 tertiam
775 2936 945 3004 altitudinis
966 2948 1086 3024 partem
1107 2937 1201 3019 elato,
1225 2944 1407 3027 conjunctae

458 3063 545 3130 sunt,
573 3055 617 3118 ita
632 3061 674 3116 ut
695 3054 808 3139 pronai
829 3071 903 3138 pars
927 3052 1066 3116 anterior
1089 3049 1226 3130 duabus,
1255 3055 1407 3139 posterior

459 3173 562 3230 autem
590 3173 741 3251 quattuor
754 3149 907 3260 tenent-ur
932 3162 1095 3229 columnis.
1150 3165 1284 3230 Tectum
1305 3185 1407 3251 super·

458 3279 596 3362 positum
622 3275 714 3342 nullo
744 3273 821 3343 loco
844 3275 978 3355 laesum,
1006 3276 1148 3362 impluvii
1168 3276 1267 3342 modo
1290 3287 1408 3363 apertu-
1460 3271 1462 3300 ²

458 3410 524 3452 ram
546 3385 643 3454 habet
664 3387 855 3474 quadratam,
881 3410 923 3454 ne
945 3389 1168 3455 remotioribus
1191 3387 1326 3456 aedificii
1343 3407 1412 3469 par-

459 3500 542 3566 tibus
565 3500 672 3568 lumen
695 3502 784 3567 desit.
836 3501 982 3567 Formae
1000 3502 1272 3588 hieroglyphicae,
1299 3492 1410 3583 quihus

459 3617 612 3700 parietem
641 3611 807 3680 columnae
830 3626 863 3680 et
884 3612 1044 3676 lacunaria
1065 3612 1188 3698 repleta
1209 3620 1295 3685 sunt,
1321 3601 1406 3668 suavi

440 3733 568 3812 eoque
595 3729 674 3792 mire
695 3734 822 3816 serrato
847 3723 990 3788 colorum
1011 3724 1116 3786 nitore
1137 3717 1319 3804 splendent;
1340 3733 1404 3780 ma·
1461 3725 1463 3812 t

459 3838 573 3904 ximum
601 3849 705 3904 autem
733 3837 846 3922 pronai
872 3832 970 3916 decus
999 3831 1109 3896 decem
1137 3840 1211 3896 sunt
1239 3829 1399 3906 columnae,
1459 3815 1462 3857 ³

458 3955 492 4023 in
515 3950 629 4038 quibus
651 3955 837 4032 ornamenta
863 3947 982 4022 omnia,
1010 3941 1159 4031 singulari
1179 3941 1335 4032 diligentia
1353 3961 1397 4008 er·
1456 3961 1459 4037 p
