3026 4920
1007 415 1055 492 41

6 630 11 670 ι
97 598 228 688 sculpta,
250 594 292 664 ad
312 595 534 663 mantuanae
554 602 661 682 partes
682 601 808 659 serrata
822 601 912 672 sunt3
934 591 1062 674 credas,¹
1111 607 1189 666 Pars
1206 609 1226 667 1.

98 736 179 802 opus
199 734 303 800 nuper
325 707 509 774 absolutum
531 727 610 774 esse.
634 741 680 756 --
701 707 740 771 ln
762 706 825 772 hoc
839 725 975 792 pronao,
996 709 1057 772 uisi

6 835 8 898 ἓ
91 829 127 892 in
148 826 234 904 loco,
257 845 352 912 quem
375 821 558 905 designavit,
579 817 725 898 fallimur,
747 818 906 886 Lancreto
922 830 1056 886 auctora

91 937 244 1003 columna
267 946 329 1014 est,
352 956 372 1000 a
393 931 488 998 nobis
509 952 578 997 non
599 941 741 1018 reperta,
757 933 808 1000 in,
826 933 916 1018 cujus
939 930 1056 1012 medio,

5 1089 6 1094 κ
89 1073 155 1137 per
183 1051 277 1114 unius
305 1043 420 1131 lapidis
451 1042 609 1110 deiectam
638 1045 827 1128 conspicuo,
857 1043 1058 1132 aliumslapi-

93 1163 179 1240 dem,
200 1162 286 1226 notis
300 1155 546 1242 hieroglypbieis
569 1165 714 1220 ornatum
735 1154 792 1220 ille
812 1153 905 1231 vidit;
929 1193 971 1212 -
994 1180 1058 1244 qua

94 1275 233 1338 rosetis
256 1278 401 1356 apparet,
424 1267 510 1334 illam
532 1266 642 1355 templi
663 1275 784 1354 partem
806 1266 983 1354 lapidibus,
1004 1291 1059 1344 arr,-

98 1396 156 1448 tea
191 1381 285 1452 alium
316 1383 350 1444 in
376 1402 466 1446 usum
492 1384 556 1468 jam
585 1378 731 1444 adhibitis
761 1359 947 1447 exstructam
977 1405 1057 1449 esse.

103 1497 211 1563 Tanta
237 1502 339 1558 autem
366 1494 601 1558 est‘inscientia
630 1502 740 1558 nostra
768 1490 809 1556 de
838 1506 1058 1561 monumento-

99 1629 171 1672 rum
198 1607 341 1685 historia,
370 1615 404 1670 ut
429 1625 534 1692 neque
557 1603 599 1670 de
621 1605 736 1690 prioris
757 1625 864 1690 neque
887 1603 928 1669 de
951 1617 1058 1693 posto-

96 1722 193 1786 rioris
221 1715 450 1784 aedificationis
479 1728 623 1805 tempore
645 1727 765 1782 oemrm
788 1714 958 1804 quidquam
983 1740 1058 1805 pro-
1123 1756 1125 1764 s

96 1832 184 1898 ferre
204 1833 370 1920 possimus.
389 1867 391 1876 =

187 1946 286 2010 Varia
323 1953 397 2008 sunt
433 1944 468 2008 in
510 1963 642 2029 pronao,
674 1941 825 2029 capitula,
868 1940 1057 2031 plerumque

99 2057 141 2124 ad
178 2056 296 2144 calycis
331 2058 470 2142 speciem
511 2053 731 2134 exaedificata,
771 2054 927 2120 nonnulla
964 2059 1056 2122 etiam

98 2170 142 2237 ad
173 2169 347 2258 palmarum
379 2188 534 2258 proceros
570 2170 696 2253 stipites*
723 2165 807 2232 licta.
868 2167 1056 2236 Crassitudo

100 2282 316 2348 columnarum
345 2292 394 2346 est
422 2283 515 2346 trium
543 2278 661 2366 pedum
690 2289 723 2344 et
744 2283 894 2360 semissis,
923 2280 1056 2348 altitudo

101 2398 190 2481 scapi
215 2417 284 2460 cum
314 2393 453 2482 capitulo
485 2394 594 2480 viginti
623 2402 656 2458 et
681 2390 830 2472 duorum,
859 2403 1058 2460 contractura

101 2511 153 2572 vix
180 2507 361 2584 manifestat
385 2543 430 2556 --
464 2530 482 2570 a
511 2525 694 2592 graecarum
722 2507 815 2590 igitur
843 2506 1058 2572 columnarum

100 2642 246 2686 mensura
268 2619 365 2704 longe
387 2617 577 2704 discrepant.

166 2731 277 2797 Labor
297 2733 404 2796 irritus
427 2742 517 2809 esset,
538 2729 593 2794 vel
616 2729 829 2817 descriptione
850 2729 904 2794 vel
919 2729 1059 2798 delinea-

101 2849 191 2911 tione
219 2843 286 2906 ulla
313 2843 484 2908 formarum
512 2854 708 2909 venustatem
732 2853 764 2908 et
788 2842 980 2922 firmitatem,
1010 2867 1058 2908 ar-

104 2958 294 3020 chitecturae
345 2951 544 3020 nobilitatem
588 2959 776 3042 exprimere3
828 2957 1057 3021 accuratissima

104 3071 222 3153 imago,
244 3089 315 3130 cum
336 3068 467 3130 veritate
490 3079 683 3154 comparata,
705 3067 800 3134 nobis
821 3067 969 3154 languida
990 3071 1057 3132 visa

107 3190 164 3244 est.
218 3175 368 3244 Aedilicii
401 3200 560 3244 mensuras
590 3178 751 3246 describas
779 3179 868 3260 licet,
904 3183 1058 3268 parietum
1169 3192 1171 3196 ’

104 3301 291 3356 ornamenta
320 3300 352 3354 et
379 3291 503 3358 colores
534 3291 701 3377 diligenter
727 3295 870 3371 imiteris,
897 3315 1057 3380 nunquam

100 3415 209 3469 tamen
238 3401 358 3467 accedit
385 3403 493 3470 tabula
522 3415 576 3469 tua
605 3403 647 3468 ad
674 3404 760 3468 illam
786 3404 965 3470 umbrarum
987 3427 1059 3492 per-

100 3519 298 3603 spicuitatem
320 3526 353 3581 et
372 3516 505 3581 nitidmn
528 3515 612 3610 coeli
633 3516 850 3602 splendorem,
877 3521 932 3602 qui
952 3521 1060 3584 immu-

101 3639 168 3694 tata
196 3627 261 3693 diei
289 3627 429 3714 solisque
458 3631 628 3694 serenitate
657 3628 807 3716 templum
830 3638 991 3715 totamque
1012 3632 1060 3694 in-

104 3738 202 3808 sulam
229 3738 380 3804 illustrat¹
420 3742 461 3805 ln
486 3741 550 3806 boo
571 3761 695 3825 pronao
718 3741 811 3806 facile
833 3741 1058 3828 populationes

107 3871 227 3930 omnes,
255 3851 371 3937 quibus
398 3854 511 3917 misera
533 3853 699 3938 Aegyptus
729 3875 789 3940 per
817 3863 866 3920 tot
891 3853 1059 3920 saeculao

106 3953 244 4028 barbaris
266 3963 382 4030 afflicta
405 3963 697 4042 estsobliviscarim
712 4000 755 4014 -
778 3958 971 4052 permradoas
993 3965 1059 4044 tibi,
1123 3983 1129 4000 ·
