<?xml version="1.0" encoding="UTF-8"?>
<!DOCTYPE html PUBLIC "-//W3C//DTD XHTML 1.0 Transitional//EN"
    "http://www.w3.org/TR/xhtml1/DTD/xhtml1-transitional.dtd">
<html xmlns="http://www.w3.org/1999/xhtml" xml:lang="en" lang="en">
 <head>
  <title>
</title>
<meta http-equiv="Content-Type" content="text/html;charset=utf-8" />
  <meta name='ocr-system' content='tesseract 3.04.00' />
  <meta name='ocr-capabilities' content='ocr_page ocr_carea ocr_par ocr_line ocrx_word'/>
</head>
<body>
  <div class='ocr_page' id='page_1' title='image "./dephilisinsulae00partgoog_0049.png"; bbox 0 0 3026 4920; ppageno 0'>
   <div class='ocr_carea' id='block_1_1' title="bbox 478 483 526 556">
    <p class='ocr_par' dir='ltr' id='par_1_1' title="bbox 478 483 526 556">
     <span class='ocr_line' id='line_1_1' title="bbox 478 483 526 556; baseline 0 0"><span class='ocrx_word' id='word_1_1' title='bbox 478 483 526 556; x_wconf 78' lang='grc'><strong>34</strong></span> 
     </span>
    </p>
   </div>
   <div class='ocr_carea' id='block_1_2' title="bbox 274 649 1492 2315">
    <p class='ocr_par' dir='ltr' id='par_1_2' title="bbox 310 649 1492 952">
     <span class='ocr_line' id='line_1_2' title="bbox 310 649 1446 739; baseline -0.005 -13"><span class='ocrx_word' id='word_1_2' title='bbox 310 675 384 733; x_wconf 63' lang='grc' dir='ltr'><strong>Ρη,</strong></span> <span class='ocrx_word' id='word_1_3' title='bbox 403 673 423 734; x_wconf 84' lang='lat' dir='ltr'><strong>t.</strong></span> <span class='ocrx_word' id='word_1_4' title='bbox 478 680 551 726; x_wconf 90' lang='lat' dir='ltr'><strong>men</strong></span> <span class='ocrx_word' id='word_1_5' title='bbox 572 661 605 724; x_wconf 91' lang='lat' dir='ltr'><strong>in</strong></span> <span class='ocrx_word' id='word_1_6' title='bbox 627 676 773 722; x_wconf 87' lang='lat' dir='ltr'><strong>mensura</strong></span> <span class='ocrx_word' id='word_1_7' title='bbox 795 662 1052 722; x_wconf 80' lang='lat' dir='ltr'><strong>omanrentomm</strong></span> <span class='ocrx_word' id='word_1_8' title='bbox 1079 649 1164 739; x_wconf 85' lang='lat' dir='ltr'><strong>apud</strong></span> <span class='ocrx_word' id='word_1_9' title='bbox 1192 650 1368 720; x_wconf 83' lang='lat' dir='ltr'><strong>nonnullas</strong></span> <span class='ocrx_word' id='word_1_10' title='bbox 1398 655 1446 720; x_wconf 83' lang='lat' dir='ltr'><strong>iu-</strong></span> 
     </span>
     <span class='ocr_line' id='line_1_3' title="bbox 479 743 1492 852; baseline -0.005 -14"><span class='ocrx_word' id='word_1_11' title='bbox 479 770 626 848; x_wconf 84' lang='lat' dir='ltr'><strong>tercedit,</strong></span> <span class='ocrx_word' id='word_1_12' title='bbox 655 780 759 834; x_wconf 92' lang='lat' dir='ltr'><strong>tamen</strong></span> <span class='ocrx_word' id='word_1_13' title='bbox 787 763 963 830; x_wconf 83' lang='lat' dir='ltr'><strong>ubertatem</strong></span> <span class='ocrx_word' id='word_1_14' title='bbox 993 767 1067 830; x_wconf 87' lang='lat' dir='ltr'><strong>artis</strong></span> <span class='ocrx_word' id='word_1_15' title='bbox 1097 774 1130 830; x_wconf 89' lang='lat' dir='ltr'><strong>et</strong></span> <span class='ocrx_word' id='word_1_16' title='bbox 1152 767 1275 852; x_wconf 86' lang='lat' dir='ltr'><strong>copiam</strong></span> <span class='ocrx_word' id='word_1_17' title='bbox 1297 768 1330 830; x_wconf 91' lang='lat' dir='ltr'><strong>in</strong></span> <span class='ocrx_word' id='word_1_18' title='bbox 1356 769 1445 834; x_wconf 78' lang='lat' dir='ltr'><strong>inve</strong></span> <span class='ocrx_word' id='word_1_19' title='bbox 1491 743 1492 760; x_wconf 24' lang='lat' dir='ltr'><strong>l</strong></span> 
     </span>
     <span class='ocr_line' id='line_1_4' title="bbox 479 879 917 952; baseline -0.023 0"><span class='ocrx_word' id='word_1_20' title='bbox 479 884 599 952; x_wconf 89' lang='lat' dir='ltr'><strong>nicndo</strong></span> <span class='ocrx_word' id='word_1_21' title='bbox 623 890 777 946; x_wconf 83' lang='lat' dir='ltr'><strong>testantur</strong></span> <span class='ocrx_word' id='word_1_22' title='bbox 803 879 917 945; x_wconf 88' lang='lat' dir='ltr'><strong>omnia.</strong></span> 
     </span>
    </p>

    <p class='ocr_par' dir='ltr' id='par_1_3' title="bbox 323 987 1433 1078">
     <span class='ocr_line' id='line_1_5' title="bbox 323 987 1433 1078; baseline -0.002 -19"><span class='ocrx_word' id='word_1_23' title='bbox 323 1022 420 1074; x_wconf 54' lang='lat' dir='ltr'><strong>Scap„</strong></span> <span class='ocrx_word' id='word_1_24' title='bbox 548 997 585 1058; x_wconf 91' lang='lat' dir='ltr'><strong>ln</strong></span> <span class='ocrx_word' id='word_1_25' title='bbox 607 991 710 1059; x_wconf 81' lang='lat' dir='ltr'><strong>media</strong></span> <span class='ocrx_word' id='word_1_26' title='bbox 733 995 860 1078; x_wconf 88' lang='lat' dir='ltr'><strong>porticu</strong></span> <span class='ocrx_word' id='word_1_27' title='bbox 888 988 948 1070; x_wconf 91' lang='lat' dir='ltr'><strong>(ad</strong></span> <span class='ocrx_word' id='word_1_28' title='bbox 977 989 1052 1071; x_wconf 86' lang='lat' dir='ltr'><strong>D¹)</strong></span> <span class='ocrx_word' id='word_1_29' title='bbox 1082 987 1187 1054; x_wconf 86' lang='lat' dir='ltr'><strong>scalae</strong></span> <span class='ocrx_word' id='word_1_30' title='bbox 1215 988 1433 1058; x_wconf 77' lang='lat' dir='ltr'><strong>subterraneae</strong></span> 
     </span>
    </p>

    <p class='ocr_par' dir='ltr' id='par_1_4' title="bbox 274 1094 1452 2315">
     <span class='ocr_line' id='line_1_6' title="bbox 274 1094 1441 1187; baseline -0.002 -15"><span class='ocrx_word' id='word_1_31' title='bbox 274 1094 565 1172; x_wconf 66' lang='lat' dir='ltr'><strong>⁸⁸⁶&#39;‘&#39;&#39;“⁷&#39;‘“‘·b.ene</strong></span> <span class='ocrx_word' id='word_1_32' title='bbox 590 1116 797 1170; x_wconf 79' lang='lat' dir='ltr'><strong>conservatae</strong></span> <span class='ocrx_word' id='word_1_33' title='bbox 819 1113 900 1180; x_wconf 90' lang='lat' dir='ltr'><strong>sunt,</strong></span> <span class='ocrx_word' id='word_1_34' title='bbox 924 1125 1056 1187; x_wconf 90' lang='lat' dir='ltr'><strong>quarum</strong></span> <span class='ocrx_word' id='word_1_35' title='bbox 1072 1101 1174 1167; x_wconf 89' lang='lat' dir='ltr'><strong>aditus</strong></span> <span class='ocrx_word' id='word_1_36' title='bbox 1190 1094 1335 1168; x_wconf 82' lang='lat' dir='ltr'><strong>sanorum</strong></span> <span class='ocrx_word' id='word_1_37' title='bbox 1353 1109 1441 1170; x_wconf 82' lang='lat' dir='ltr'><strong>ruina</strong></span> 
     </span>
     <span class='ocr_line' id='line_1_7' title="bbox 482 1211 1446 1308; baseline -0.001 -25"><span class='ocrx_word' id='word_1_38' title='bbox 482 1240 585 1308; x_wconf 85' lang='lat' dir='ltr'><strong>paene</strong></span> <span class='ocrx_word' id='word_1_39' title='bbox 608 1215 789 1283; x_wconf 86' lang='lat' dir='ltr'><strong>obstructus</strong></span> <span class='ocrx_word' id='word_1_40' title='bbox 813 1228 872 1282; x_wconf 90' lang='lat' dir='ltr'><strong>est:</strong></span> <span class='ocrx_word' id='word_1_41' title='bbox 901 1211 1004 1300; x_wconf 86' lang='lat' dir='ltr'><strong>prim&#39;o</strong></span> <span class='ocrx_word' id='word_1_42' title='bbox 1033 1213 1259 1300; x_wconf 88' lang='lat' dir='ltr'><strong>impedimento</strong></span> <span class='ocrx_word' id='word_1_43' title='bbox 1281 1228 1446 1302; x_wconf 88' lang='lat' dir='ltr'><strong>superato,</strong></span> 
     </span>
     <span class='ocr_line' id='line_1_8' title="bbox 481 1327 1448 1416; baseline -0.002 -20"><span class='ocrx_word' id='word_1_44' title='bbox 481 1331 605 1397; x_wconf 88' lang='lat' dir='ltr'><strong>facilior</strong></span> <span class='ocrx_word' id='word_1_45' title='bbox 634 1329 805 1394; x_wconf 86' lang='lat' dir='ltr'><strong>descensus</strong></span> <span class='ocrx_word' id='word_1_46' title='bbox 834 1327 874 1392; x_wconf 91' lang='lat' dir='ltr'><strong>ad</strong></span> <span class='ocrx_word' id='word_1_47' title='bbox 903 1327 1025 1404; x_wconf 89' lang='lat' dir='ltr'><strong>Nilum,</strong></span> <span class='ocrx_word' id='word_1_48' title='bbox 1061 1330 1150 1412; x_wconf 88' lang='lat' dir='ltr'><strong>cujus</strong></span> <span class='ocrx_word' id='word_1_49' title='bbox 1178 1327 1283 1404; x_wconf 83' lang='lat' dir='ltr'><strong>undae</strong></span> <span class='ocrx_word' id='word_1_50' title='bbox 1312 1351 1448 1416; x_wconf 86' lang='lat' dir='ltr'><strong>parvam</strong></span> 
     </span>
     <span class='ocr_line' id='line_1_9' title="bbox 483 1439 1448 1532; baseline -0.003 -23"><span class='ocrx_word' id='word_1_51' title='bbox 483 1455 606 1532; x_wconf 89' lang='lat' dir='ltr'><strong>portam</strong></span> <span class='ocrx_word' id='word_1_52' title='bbox 641 1442 772 1508; x_wconf 87' lang='lat' dir='ltr'><strong>alluunt.</strong></span> <span class='ocrx_word' id='word_1_53' title='bbox 832 1441 958 1525; x_wconf 87' lang='lat' dir='ltr'><strong>Hyeme</strong></span> <span class='ocrx_word' id='word_1_54' title='bbox 995 1451 1103 1504; x_wconf 88' lang='lat' dir='ltr'><strong>auctus</strong></span> <span class='ocrx_word' id='word_1_55' title='bbox 1138 1441 1272 1506; x_wconf 85' lang='lat' dir='ltr'><strong>fluminis</strong></span> <span class='ocrx_word' id='word_1_56' title='bbox 1304 1439 1383 1506; x_wconf 89' lang='lat' dir='ltr'><strong>limo</strong></span> <span class='ocrx_word' id='word_1_57' title='bbox 1416 1453 1448 1506; x_wconf 85' lang='lat' dir='ltr'><strong>et</strong></span> 
     </span>
     <span class='ocr_line' id='line_1_10' title="bbox 484 1551 1447 1643; baseline -0.007 -18"><span class='ocrx_word' id='word_1_58' title='bbox 484 1578 578 1625; x_wconf 86' lang='lat' dir='ltr'><strong>arena</strong></span> <span class='ocrx_word' id='word_1_59' title='bbox 602 1567 726 1643; x_wconf 88' lang='lat' dir='ltr'><strong>portam</strong></span> <span class='ocrx_word' id='word_1_60' title='bbox 749 1553 859 1641; x_wconf 86' lang='lat' dir='ltr'><strong>implet</strong></span> <span class='ocrx_word' id='word_1_61' title='bbox 883 1562 915 1616; x_wconf 89' lang='lat' dir='ltr'><strong>et</strong></span> <span class='ocrx_word' id='word_1_62' title='bbox 936 1555 1016 1618; x_wconf 90' lang='lat' dir='ltr'><strong>imos</strong></span> <span class='ocrx_word' id='word_1_63' title='bbox 1040 1551 1154 1636; x_wconf 79' lang='lat' dir='ltr'><strong>gradus</strong></span> <span class='ocrx_word' id='word_1_64' title='bbox 1178 1551 1312 1637; x_wconf 75' lang='lat' dir='ltr'><strong>obtegit3</strong></span> <span class='ocrx_word' id='word_1_65' title='bbox 1336 1552 1447 1618; x_wconf 88' lang='lat' dir='ltr'><strong>scalae</strong></span> 
     </span>
     <span class='ocr_line' id='line_1_11' title="bbox 483 1662 1448 1756; baseline -0.004 -21"><span class='ocrx_word' id='word_1_66' title='bbox 483 1673 571 1756; x_wconf 86' lang='lat' dir='ltr'><strong>ipsae</strong></span> <span class='ocrx_word' id='word_1_67' title='bbox 594 1689 661 1733; x_wconf 92' lang='lat' dir='ltr'><strong>non</strong></span> <span class='ocrx_word' id='word_1_68' title='bbox 684 1689 761 1738; x_wconf 87' lang='lat' dir='ltr'><strong>saxo</strong></span> <span class='ocrx_word' id='word_1_69' title='bbox 783 1669 911 1742; x_wconf 88' lang='lat' dir='ltr'><strong>incisae,</strong></span> <span class='ocrx_word' id='word_1_70' title='bbox 933 1664 992 1730; x_wconf 93' lang='lat' dir='ltr'><strong>sed</strong></span> <span class='ocrx_word' id='word_1_71' title='bbox 1014 1662 1120 1750; x_wconf 91' lang='lat' dir='ltr'><strong>lapide</strong></span> <span class='ocrx_word' id='word_1_72' title='bbox 1144 1662 1299 1749; x_wconf 88' lang='lat' dir='ltr'><strong>quadrato</strong></span> <span class='ocrx_word' id='word_1_73' title='bbox 1324 1677 1448 1731; x_wconf 88' lang='lat' dir='ltr'><strong>exstru-</strong></span> 
     </span>
     <span class='ocr_line' id='line_1_12' title="bbox 484 1775 1448 1863; baseline -0.004 -17"><span class='ocrx_word' id='word_1_74' title='bbox 484 1781 666 1857; x_wconf 74' lang='lat' dir='ltr'><strong>ctae,.sicut</strong></span> <span class='ocrx_word' id='word_1_75' title='bbox 689 1781 793 1844; x_wconf 87' lang='lat' dir='ltr'><strong>omnia</strong></span> <span class='ocrx_word' id='word_1_76' title='bbox 818 1799 917 1863; x_wconf 87' lang='lat' dir='ltr'><strong>opera</strong></span> <span class='ocrx_word' id='word_1_77' title='bbox 939 1775 1153 1854; x_wconf 88' lang='lat' dir='ltr'><strong>subterranea,</strong></span> <span class='ocrx_word' id='word_1_78' title='bbox 1176 1799 1258 1862; x_wconf 91' lang='lat' dir='ltr'><strong>quae</strong></span> <span class='ocrx_word' id='word_1_79' title='bbox 1277 1775 1378 1842; x_wconf 86' lang='lat' dir='ltr'><strong>Pbilis</strong></span> <span class='ocrx_word' id='word_1_80' title='bbox 1399 1781 1448 1842; x_wconf 93' lang='lat' dir='ltr'><strong>in-</strong></span> 
     </span>
     <span class='ocr_line' id='line_1_13' title="bbox 483 1889 1448 1980; baseline -0.002 -22"><span class='ocrx_word' id='word_1_81' title='bbox 483 1896 669 1968; x_wconf 76' lang='lat' dir='ltr'><strong>veniuntur3</strong></span> <span class='ocrx_word' id='word_1_82' title='bbox 698 1914 771 1980; x_wconf 85' lang='lat' dir='ltr'><strong>nam</strong></span> <span class='ocrx_word' id='word_1_83' title='bbox 800 1889 922 1956; x_wconf 86' lang='lat' dir='ltr'><strong>insulae</strong></span> <span class='ocrx_word' id='word_1_84' title='bbox 950 1889 1053 1958; x_wconf 88' lang='lat' dir='ltr'><strong>solum</strong></span> <span class='ocrx_word' id='word_1_85' title='bbox 1082 1891 1263 1974; x_wconf 82' lang='lat' dir='ltr'><strong>graniticum</strong></span> <span class='ocrx_word' id='word_1_86' title='bbox 1291 1901 1448 1956; x_wconf 88' lang='lat' dir='ltr'><strong>nontam</strong></span> 
     </span>
     <span class='ocr_line' id='line_1_14' title="bbox 483 2001 1449 2089; baseline -0.002 -21"><span class='ocrx_word' id='word_1_87' title='bbox 483 2005 635 2070; x_wconf 91' lang='lat' dir='ltr'><strong>idoneum</strong></span> <span class='ocrx_word' id='word_1_88' title='bbox 663 2002 807 2068; x_wconf 87' lang='lat' dir='ltr'><strong>videatur</strong></span> <span class='ocrx_word' id='word_1_89' title='bbox 835 2001 897 2078; x_wconf 82' lang='lat' dir='ltr'><strong>illis</strong></span> <span class='ocrx_word' id='word_1_90' title='bbox 927 2001 1196 2080; x_wconf 86' lang='lat' dir='ltr'><strong>excavationibus,</strong></span> <span class='ocrx_word' id='word_1_91' title='bbox 1230 2023 1308 2087; x_wconf 80' lang='lat' dir='ltr'><strong>quas</strong></span> <span class='ocrx_word' id='word_1_92' title='bbox 1336 2003 1449 2089; x_wconf 75' lang='lat' dir='ltr'><strong>Aegy-</strong></span> 
     </span>
     <span class='ocr_line' id='line_1_15' title="bbox 484 2106 1452 2204; baseline -0.002 -22"><span class='ocrx_word' id='word_1_93' title='bbox 484 2119 542 2204; x_wconf 91' lang='lat' dir='ltr'><strong>ptii</strong></span> <span class='ocrx_word' id='word_1_94' title='bbox 564 2115 632 2179; x_wconf 91' lang='lat' dir='ltr'><strong>aliis</strong></span> <span class='ocrx_word' id='word_1_95' title='bbox 655 2114 735 2178; x_wconf 88' lang='lat' dir='ltr'><strong>locis</strong></span> <span class='ocrx_word' id='word_1_96' title='bbox 757 2117 790 2178; x_wconf 90' lang='lat' dir='ltr'><strong>in</strong></span> <span class='ocrx_word' id='word_1_97' title='bbox 818 2112 924 2200; x_wconf 92' lang='lat' dir='ltr'><strong>lapide</strong></span> <span class='ocrx_word' id='word_1_98' title='bbox 955 2113 1090 2179; x_wconf 86' lang='lat' dir='ltr'><strong>calcario</strong></span> <span class='ocrx_word' id='word_1_99' title='bbox 1119 2117 1187 2179; x_wconf 90' lang='lat' dir='ltr'><strong>sine</strong></span> <span class='ocrx_word' id='word_1_100' title='bbox 1214 2113 1280 2178; x_wconf 90' lang='lat' dir='ltr'><strong>ulla</strong></span> <span class='ocrx_word' id='word_1_101' title='bbox 1308 2106 1452 2180; x_wconf 79' lang='lat' dir='ltr'><strong>trabium</strong></span> 
     </span>
     <span class='ocr_line' id='line_1_16' title="bbox 485 2226 1106 2315; baseline -0.005 -21"><span class='ocrx_word' id='word_1_102' title='bbox 485 2228 538 2294; x_wconf 90' lang='lat' dir='ltr'><strong>vel</strong></span> <span class='ocrx_word' id='word_1_103' title='bbox 561 2226 696 2315; x_wconf 89' lang='lat' dir='ltr'><strong>pilarum</strong></span> <span class='ocrx_word' id='word_1_104' title='bbox 718 2226 835 2292; x_wconf 87' lang='lat' dir='ltr'><strong>fultura</strong></span> <span class='ocrx_word' id='word_1_105' title='bbox 858 2226 1003 2293; x_wconf 83' lang='lat' dir='ltr'><strong>fabricati</strong></span> <span class='ocrx_word' id='word_1_106' title='bbox 1025 2237 1106 2291; x_wconf 90' lang='lat' dir='ltr'><strong>sunt.</strong></span> 
     </span>
    </p>
   </div>
   <div class='ocr_carea' id='block_1_3' title="bbox 286 2337 1451 2491">
    <p class='ocr_par' dir='ltr' id='par_1_5' title="bbox 286 2337 1451 2491">
     <span class='ocr_line' id='line_1_17' title="bbox 286 2337 1451 2491; baseline 0.001 -87"><span class='ocrx_word' id='word_1_107' title='bbox 286 2349 461 2491; x_wconf 40' lang='lat' dir='ltr'><strong><em>mmmm.</em></strong></span> <span class='ocrx_word' id='word_1_108' title='bbox 552 2342 624 2404; x_wconf 80' lang='lat' dir='ltr'><strong>dam</strong></span> <span class='ocrx_word' id='word_1_109' title='bbox 653 2338 792 2427; x_wconf 87' lang='lat' dir='ltr'><strong>pylones</strong></span> <span class='ocrx_word' id='word_1_110' title='bbox 815 2354 944 2427; x_wconf 80' lang='lat' dir='ltr'><strong>magnos</strong></span> <span class='ocrx_word' id='word_1_111' title='bbox 974 2340 1046 2422; x_wconf 89' lang='lat' dir='ltr'><strong>(C)</strong></span> <span class='ocrx_word' id='word_1_112' title='bbox 1074 2349 1267 2426; x_wconf 84' lang='lat' dir='ltr'><strong>repetamus,</strong></span> <span class='ocrx_word' id='word_1_113' title='bbox 1297 2337 1337 2403; x_wconf 88' lang='lat' dir='ltr'><strong>ad</strong></span> <span class='ocrx_word' id='word_1_114' title='bbox 1361 2361 1451 2424; x_wconf 91' lang='lat' dir='ltr'><strong>quos</strong></span> 
     </span>
    </p>
   </div>
   <div class='ocr_carea' id='block_1_4' title="bbox 321 2449 1494 3214">
    <p class='ocr_par' dir='ltr' id='par_1_6' title="bbox 321 2449 1494 3214">
     <span class='ocr_line' id='line_1_18' title="bbox 487 2449 1453 2542; baseline -0.002 -23"><span class='ocrx_word' id='word_1_115' title='bbox 487 2477 545 2542; x_wconf 92' lang='lat' dir='ltr'><strong>per</strong></span> <span class='ocrx_word' id='word_1_116' title='bbox 572 2453 705 2518; x_wconf 86' lang='lat' dir='ltr'><strong>mediam</strong></span> <span class='ocrx_word' id='word_1_117' title='bbox 734 2463 857 2539; x_wconf 88' lang='lat' dir='ltr'><strong>portam</strong></span> <span class='ocrx_word' id='word_1_118' title='bbox 886 2451 1053 2518; x_wconf 86' lang='lat' dir='ltr'><strong>ruderibus</strong></span> <span class='ocrx_word' id='word_1_119' title='bbox 1082 2449 1274 2516; x_wconf 87' lang='lat' dir='ltr'><strong>obstructam</strong></span> <span class='ocrx_word' id='word_1_120' title='bbox 1303 2461 1350 2515; x_wconf 88' lang='lat' dir='ltr'><strong>est</strong></span> <span class='ocrx_word' id='word_1_121' title='bbox 1381 2451 1453 2518; x_wconf 90' lang='lat' dir='ltr'><strong>adi-</strong></span> 
     </span>
     <span class='ocr_line' id='line_1_19' title="bbox 488 2562 1452 2649; baseline -0.006 -17"><span class='ocrx_word' id='word_1_122' title='bbox 488 2579 553 2644; x_wconf 90' lang='lat' dir='ltr'><strong>tus;</strong></span> <span class='ocrx_word' id='word_1_123' title='bbox 576 2588 695 2632; x_wconf 81' lang='lat' dir='ltr'><strong>sumina</strong></span> <span class='ocrx_word' id='word_1_124' title='bbox 718 2563 924 2634; x_wconf 81' lang='lat' dir='ltr'><strong>admiratione</strong></span> <span class='ocrx_word' id='word_1_125' title='bbox 946 2585 1007 2628; x_wconf 91' lang='lat' dir='ltr'><strong>nos</strong></span> <span class='ocrx_word' id='word_1_126' title='bbox 1029 2563 1171 2649; x_wconf 88' lang='lat' dir='ltr'><strong>implevit</strong></span> <span class='ocrx_word' id='word_1_127' title='bbox 1192 2562 1300 2649; x_wconf 87' lang='lat' dir='ltr'><strong>templi</strong></span> <span class='ocrx_word' id='word_1_128' title='bbox 1323 2565 1452 2645; x_wconf 83' lang='lat' dir='ltr'><strong>atrium,</strong></span> 
     </span>
     <span class='ocr_line' id='line_1_20' title="bbox 488 2673 1494 2764; baseline 0.001 -19"><span class='ocrx_word' id='word_1_129' title='bbox 488 2677 630 2764; x_wconf 90' lang='lat' dir='ltr'><strong>undique</strong></span> <span class='ocrx_word' id='word_1_130' title='bbox 651 2680 860 2742; x_wconf 86' lang='lat' dir='ltr'><strong>monumentis</strong></span> <span class='ocrx_word' id='word_1_131' title='bbox 883 2674 1195 2762; x_wconf 79' lang='lat' dir='ltr'><strong>magnificentissimis</strong></span> <span class='ocrx_word' id='word_1_132' title='bbox 1210 2673 1451 2742; x_wconf 88' lang='lat' dir='ltr'><strong>circumdatum.</strong></span> <span class='ocrx_word' id='word_1_133' title='bbox 1493 2689 1494 2746; x_wconf 88' lang='lat' dir='ltr'><strong>l</strong></span> 
     </span>
     <span class='ocr_line' id='line_1_21' title="bbox 487 2789 1454 2878; baseline -0.002 -22"><span class='ocrx_word' id='word_1_134' title='bbox 487 2791 684 2878; x_wconf 86' lang='lat' dir='ltr'><strong>Quamquam</strong></span> <span class='ocrx_word' id='word_1_135' title='bbox 704 2793 737 2854; x_wconf 91' lang='lat' dir='ltr'><strong>in</strong></span> <span class='ocrx_word' id='word_1_136' title='bbox 750 2789 805 2853; x_wconf 90' lang='lat' dir='ltr'><strong>illa</strong></span> <span class='ocrx_word' id='word_1_137' title='bbox 822 2800 921 2874; x_wconf 88' lang='lat' dir='ltr'><strong>parte,</strong></span> <span class='ocrx_word' id='word_1_138' title='bbox 944 2807 1025 2874; x_wconf 88' lang='lat' dir='ltr'><strong>quae</strong></span> <span class='ocrx_word' id='word_1_139' title='bbox 1039 2789 1220 2874; x_wconf 86' lang='lat' dir='ltr'><strong>aquilonem</strong></span> <span class='ocrx_word' id='word_1_140' title='bbox 1232 2798 1360 2874; x_wconf 82' lang='lat' dir='ltr'><strong>spectat,</strong></span> <span class='ocrx_word' id='word_1_141' title='bbox 1382 2792 1454 2854; x_wconf 87' lang='lat' dir='ltr'><strong>rui-</strong></span> 
     </span>
     <span class='ocr_line' id='line_1_22' title="bbox 486 2900 1455 2988; baseline -0.002 -18"><span class='ocrx_word' id='word_1_142' title='bbox 486 2926 547 2970; x_wconf 89' lang='lat' dir='ltr'><strong>nae</strong></span> <span class='ocrx_word' id='word_1_143' title='bbox 571 2901 611 2968; x_wconf 88' lang='lat' dir='ltr'><strong>ad</strong></span> <span class='ocrx_word' id='word_1_144' title='bbox 635 2913 785 2988; x_wconf 87' lang='lat' dir='ltr'><strong>quattuor</strong></span> <span class='ocrx_word' id='word_1_145' title='bbox 799 2901 853 2966; x_wconf 90' lang='lat' dir='ltr'><strong>vel</strong></span> <span class='ocrx_word' id='word_1_146' title='bbox 870 2903 1009 2987; x_wconf 89' lang='lat' dir='ltr'><strong>quinque</strong></span> <span class='ocrx_word' id='word_1_147' title='bbox 1025 2900 1142 2987; x_wconf 86' lang='lat' dir='ltr'><strong>pedum</strong></span> <span class='ocrx_word' id='word_1_148' title='bbox 1158 2900 1353 2966; x_wconf 89' lang='lat' dir='ltr'><strong>altitudinem</strong></span> <span class='ocrx_word' id='word_1_149' title='bbox 1368 2923 1455 2968; x_wconf 88' lang='lat' dir='ltr'><strong>con-</strong></span> 
     </span>
     <span class='ocr_line' id='line_1_23' title="bbox 488 3016 1454 3115; baseline -0.001 -34"><span class='ocrx_word' id='word_1_150' title='bbox 488 3027 594 3104; x_wconf 83' lang='lat' dir='ltr'><strong>gestae</strong></span> <span class='ocrx_word' id='word_1_151' title='bbox 617 3025 697 3093; x_wconf 80' lang='lat' dir='ltr'><strong>sunt,</strong></span> <span class='ocrx_word' id='word_1_152' title='bbox 720 3025 827 3115; x_wconf 75' lang='lat' dir='ltr'><strong>tamen</strong></span> <span class='ocrx_word' id='word_1_153' title='bbox 848 3016 971 3079; x_wconf 84' lang='lat' dir='ltr'><strong>eversio</strong></span> <span class='ocrx_word' id='word_1_154' title='bbox 986 3025 1261 3078; x_wconf 84' lang='lat' dir='ltr'><strong>monumentorum</strong></span> <span class='ocrx_word' id='word_1_155' title='bbox 1275 3034 1342 3078; x_wconf 94' lang='lat' dir='ltr'><strong>non</strong></span> <span class='ocrx_word' id='word_1_156' title='bbox 1357 3023 1454 3080; x_wconf 87' lang='lat' dir='ltr'><strong>tanta</strong></span> 
     </span>
     <span class='ocr_line' id='line_1_24' title="bbox 321 3119 1456 3214; baseline 0 -20"><span class='ocrx_word' id='word_1_157' title='bbox 321 3130 436 3186; x_wconf 73' lang='lat' dir='ltr'><strong>secundi</strong></span> <span class='ocrx_word' id='word_1_158' title='bbox 488 3139 549 3206; x_wconf 88' lang='lat' dir='ltr'><strong>est,</strong></span> <span class='ocrx_word' id='word_1_159' title='bbox 580 3119 696 3214; x_wconf 87' lang='lat' dir='ltr'><strong>quanta</strong></span> <span class='ocrx_word' id='word_1_160' title='bbox 720 3129 758 3192; x_wconf 94' lang='lat' dir='ltr'><strong>-in</strong></span> <span class='ocrx_word' id='word_1_161' title='bbox 787 3130 917 3192; x_wconf 88' lang='lat' dir='ltr'><strong>caeteris</strong></span> <span class='ocrx_word' id='word_1_162' title='bbox 945 3126 1067 3191; x_wconf 85' lang='lat' dir='ltr'><strong>insulae</strong></span> <span class='ocrx_word' id='word_1_163' title='bbox 1095 3123 1245 3212; x_wconf 86' lang='lat' dir='ltr'><strong>partibus.</strong></span> <span class='ocrx_word' id='word_1_164' title='bbox 1300 3125 1456 3194; x_wconf 87' lang='lat' dir='ltr'><strong>Simulat-</strong></span> 
     </span>
    </p>
   </div>
   <div class='ocr_carea' id='block_1_5' title="bbox 315 3205 1455 3326">
    <p class='ocr_par' dir='ltr' id='par_1_7' title="bbox 315 3205 1455 3326">
     <span class='ocr_line' id='line_1_25' title="bbox 315 3205 1273 3274; baseline 0 -20"><span class='ocrx_word' id='word_1_165' title='bbox 315 3205 434 3274; x_wconf 73' lang='lat' dir='ltr'><strong>pylones.</strong></span> <span class='ocrx_word' id='word_1_166' title='bbox 576 3242 582 3256; x_wconf 95' lang='lat'><strong>.</strong></span> <span class='ocrx_word' id='word_1_167' title='bbox 1081 3242 1087 3254; x_wconf 88' lang='lat'><strong>.</strong></span> <span class='ocrx_word' id='word_1_168' title='bbox 1114 3241 1121 3254; x_wconf 90' lang='lat'>.</span> <span class='ocrx_word' id='word_1_169' title='bbox 1267 3240 1273 3254; x_wconf 93' lang='lat'>.</span> 
     </span>
     <span class='ocr_line' id='line_1_26' title="bbox 488 3237 1455 3326; baseline 0.004 -22"><span class='ocrx_word' id='word_1_170' title='bbox 488 3261 551 3326; x_wconf 91' lang='lat' dir='ltr'><strong>que</strong></span> <span class='ocrx_word' id='word_1_171' title='bbox 574 3261 732 3326; x_wconf 76' lang='lat' dir='ltr'><strong>ingressus</strong></span> <span class='ocrx_word' id='word_1_172' title='bbox 756 3261 805 3318; x_wconf 91' lang='lat' dir='ltr'><strong>es,</strong></span> <span class='ocrx_word' id='word_1_173' title='bbox 829 3237 1039 3304; x_wconf 88' lang='lat' dir='ltr'><strong>obversantur</strong></span> <span class='ocrx_word' id='word_1_174' title='bbox 1066 3238 1125 3304; x_wconf 81' lang='lat' dir='ltr'><strong>trbr</strong></span> <span class='ocrx_word' id='word_1_175' title='bbox 1144 3237 1275 3303; x_wconf 81' lang='lat' dir='ltr'><strong>secundi</strong></span> <span class='ocrx_word' id='word_1_176' title='bbox 1296 3238 1455 3324; x_wconf 75' lang='lat' dir='ltr'><strong>pyloncS,</strong></span> 
     </span>
    </p>
   </div>
   <div class='ocr_carea' id='block_1_6' title="bbox 424 3349 1463 3981">
    <p class='ocr_par' dir='ltr' id='par_1_8' title="bbox 465 3349 1458 3438">
     <span class='ocr_line' id='line_1_27' title="bbox 465 3349 1458 3438; baseline -0.001 -23"><span class='ocrx_word' id='word_1_177' title='bbox 465 3349 612 3416; x_wconf 87' lang='lat' dir='ltr'><strong>&#39;duabus</strong></span> <span class='ocrx_word' id='word_1_178' title='bbox 642 3350 698 3427; x_wconf 87' lang='lat' dir='ltr'><strong>alis</strong></span> <span class='ocrx_word' id='word_1_179' title='bbox 727 3350 905 3437; x_wconf 80' lang='lat' dir='ltr'><strong>ingentibus</strong></span> <span class='ocrx_word' id='word_1_180' title='bbox 935 3354 1120 3430; x_wconf 87' lang='lat' dir='ltr'><strong>constructi,</strong></span> <span class='ocrx_word' id='word_1_181' title='bbox 1148 3349 1308 3438; x_wconf 78' lang='lat' dir='ltr'><strong>prioribus</strong></span> <span class='ocrx_word' id='word_1_182' title='bbox 1329 3356 1458 3436; x_wconf 81' lang='lat' dir='ltr'><strong>magni-</strong></span> 
     </span>
    </p>

    <p class='ocr_par' dir='ltr' id='par_1_9' title="bbox 424 3462 1463 3981">
     <span class='ocr_line' id='line_1_28' title="bbox 424 3462 1460 3551; baseline -0.001 -21"><span class='ocrx_word' id='word_1_183' title='bbox 424 3490 430 3499; x_wconf 91' lang='lat'>·</span> <span class='ocrx_word' id='word_1_184' title='bbox 489 3463 615 3543; x_wconf 89' lang='lat' dir='ltr'><strong>tudine,</strong></span> <span class='ocrx_word' id='word_1_185' title='bbox 638 3473 699 3530; x_wconf 83' lang='lat' dir='ltr'><strong>n&#39;ec</strong></span> <span class='ocrx_word' id='word_1_186' title='bbox 721 3475 825 3530; x_wconf 90' lang='lat' dir='ltr'><strong>tamen</strong></span> <span class='ocrx_word' id='word_1_187' title='bbox 847 3465 968 3530; x_wconf 87' lang='lat' dir='ltr'><strong>lormae</strong></span> <span class='ocrx_word' id='word_1_188' title='bbox 991 3463 1147 3551; x_wconf 76' lang='lat' dir='ltr'><strong>elegantia</strong></span> <span class='ocrx_word' id='word_1_189' title='bbox 1167 3463 1347 3537; x_wconf 69' lang='lat' dir='ltr'><strong>inferiorem</strong></span> <span class='ocrx_word' id='word_1_190' title='bbox 1368 3462 1460 3532; x_wconf 87' lang='lat' dir='ltr'><strong>licet</strong></span> 
     </span>
     <span class='ocr_line' id='line_1_29' title="bbox 490 3573 1462 3664; baseline -0.009 -21"><span class='ocrx_word' id='word_1_191' title='bbox 490 3575 613 3664; x_wconf 92' lang='lat' dir='ltr'><strong>obliqui</strong></span> <span class='ocrx_word' id='word_1_192' title='bbox 641 3581 703 3644; x_wconf 90' lang='lat' dir='ltr'><strong>sint</strong></span> <span class='ocrx_word' id='word_1_193' title='bbox 725 3577 846 3664; x_wconf 83' lang='lat' dir='ltr'><strong>anguli,</strong></span> <span class='ocrx_word' id='word_1_194' title='bbox 881 3573 995 3662; x_wconf 89' lang='lat' dir='ltr'><strong>quibus</strong></span> <span class='ocrx_word' id='word_1_195' title='bbox 1023 3573 1155 3640; x_wconf 89' lang='lat' dir='ltr'><strong>secundi</strong></span> <span class='ocrx_word' id='word_1_196' title='bbox 1182 3573 1321 3658; x_wconf 84' lang='lat' dir='ltr'><strong>pylones</strong></span> <span class='ocrx_word' id='word_1_197' title='bbox 1348 3577 1462 3652; x_wconf 78' lang='lat' dir='ltr'><strong>positi</strong></span> 
     </span>
     <span class='ocr_line' id='line_1_30' title="bbox 488 3684 1463 3769; baseline -0.015 -15"><span class='ocrx_word' id='word_1_198' title='bbox 488 3700 570 3767; x_wconf 86' lang='lat' dir='ltr'><strong>sunt,</strong></span> <span class='ocrx_word' id='word_1_199' title='bbox 592 3699 697 3756; x_wconf 89' lang='lat' dir='ltr'><strong>tamen</strong></span> <span class='ocrx_word' id='word_1_200' title='bbox 719 3689 789 3756; x_wconf 84' lang='lat' dir='ltr'><strong>atrii</strong></span> <span class='ocrx_word' id='word_1_201' title='bbox 808 3690 920 3764; x_wconf 54' lang='lat' dir='ltr'><strong>‘sonna</strong></span> <span class='ocrx_word' id='word_1_202' title='bbox 941 3684 1075 3769; x_wconf 81' lang='lat' dir='ltr'><strong>vulgatis</strong></span> <span class='ocrx_word' id='word_1_203' title='bbox 1097 3685 1335 3748; x_wconf 86' lang='lat' dir='ltr'><strong>architectorum</strong></span> <span class='ocrx_word' id='word_1_204' title='bbox 1353 3698 1463 3765; x_wconf 83' lang='lat' dir='ltr'><strong>regu.</strong></span> 
     </span>
     <span class='ocr_line' id='line_1_31' title="bbox 489 3793 1457 3885; baseline -0.006 -19"><span class='ocrx_word' id='word_1_205' title='bbox 489 3800 528 3866; x_wconf 92' lang='lat' dir='ltr'><strong>lis</strong></span> <span class='ocrx_word' id='word_1_206' title='bbox 556 3805 659 3869; x_wconf 90' lang='lat' dir='ltr'><strong>minus</strong></span> <span class='ocrx_word' id='word_1_207' title='bbox 686 3799 900 3885; x_wconf 81' lang='lat' dir='ltr'><strong>respondens,</strong></span> <span class='ocrx_word' id='word_1_208' title='bbox 929 3797 1137 3881; x_wconf 89' lang='lat' dir='ltr'><strong>spectantium</strong></span> <span class='ocrx_word' id='word_1_209' title='bbox 1165 3793 1300 3858; x_wconf 87' lang='lat' dir='ltr'><strong>animum</strong></span> <span class='ocrx_word' id='word_1_210' title='bbox 1327 3795 1457 3860; x_wconf 82' lang='lat' dir='ltr'><strong>suavis-</strong></span> 
     </span>
     <span class='ocr_line' id='line_1_32' title="bbox 489 3915 776 3981; baseline -0.024 0"><span class='ocrx_word' id='word_1_211' title='bbox 489 3915 566 3981; x_wconf 82' lang='lat' dir='ltr'><strong>sime</strong></span> <span class='ocrx_word' id='word_1_212' title='bbox 589 3922 776 3980; x_wconf 87' lang='lat' dir='ltr'><strong>commovet.</strong></span> 
     </span>
    </p>
   </div>
   <div class='ocr_carea' id='block_1_7' title="bbox 0 0 1530 4920">
    <p class='ocr_par' dir='ltr' id='par_1_10' title="bbox 0 0 1530 4920">
     <span class='ocr_line' id='line_1_33' title="bbox 0 0 1530 4920; baseline 0 0"><span class='ocrx_word' id='word_1_213' title='bbox 0 0 1530 4920; x_wconf 95' lang='lat' dir='ltr'><strong> </strong></span> 
     </span>
    </p>
   </div>
  </div>
 </body>
</html>
