3026 4920
1004 419 1052 494 to

166 599 287 668 Contra
308 594 446 661 hostium
468 593 643 660 vicinorum
664 595 876 660 incmsionem
898 595 972 660 satia
986 616 1053 662 nru-
1109 605 1184 664 Pras
1204 605 1221 666 1.

97 695 225 781 nimenti
253 719 334 788 erat,
364 706 483 771 aditum
509 705 550 770 ad
570 704 672 770 scalas
693 727 785 772 muro
807 705 944 772 lateritio
967 706 1052 774 clau-

55 848 57 851 ’
95 831 187 904 sisse;
218 836 250 892 et
274 845 318 890 ne
345 840 438 886 muro
468 817 594 906 quidem
623 840 751 898 everso,
769 842 818 884 ac
844 823 947 907 primo
976 843 1051 886 con-

62 937 177 1012 .clari
198 935 368 1022 patefacto,
390 940 555 1017 promptus
576 929 637 995 fuit
659 930 760 996 aditus
776 930 817 1014 ad
831 931 1004 996 secundmn
1019 944 1051 999 et

89 1051 230 1142 partium,
252 1041 425 1113 dummodo
448 1041 593 1107 foramini
614 1040 695 1130 lapis
718 1043 891 1130 exemptilis
906 1055 1058 1112 accurate

93 1165 232 1227 insertus
255 1166 347 1222 esset.

473 1317 672 1330 m

166 1493 238 1558 Jam
264 1512 342 1557 vero
367 1491 569 1559 absconditos
598 1491 707 1580 templi
727 1511 871 1556 recessus
892 1493 1051 1582 relinqua
1119 1510 1204 1566 nene,

97 1628 182 1685 mus,
209 1603 393 1707 temploque
422 1607 690 1692 circumjacentem
720 1607 927 1670 examinemus
948 1582 1263 1710 τοςίιιηοοξῗῖῖξῖῗίᾖ.

95 1743 186 1797 nem,
214 1740 306 1805 quam
335 1727 433 1782 totam
460 1729 601 1783 veterum
631 1727 664 1780 et
690 1720 899 1782 recentiorum
926 1718 1049 1787 aeduin

95 1835 207 1897 urinae
235 1829 397 1917 obtegunt.
448 1831 486 1894 In
513 1841 601 1916 parte
628 1827 754 1897 boreali
782 1830 907 1924 minima
933 1842 980 1896 est
1002 1853 1050 1896 sa⁴

37 1963 42 1972 ·
94 1965 208 2010 xorum
233 1945 411 2030 congeries,
439 1945 472 2006 in
495 1941 698 2018 occidentali,
727 1964 790 2029 qua
812 1941 955 2015 aedificia
976 1966 1051 2030 pro·-

95 2059 177 2122 xime
216 2055 256 2120 ad
294 2077 407 2142 aquam
445 2052 613 2132 accedunt,
655 2065 858 2120 monmneuta
894 2055 1050 2140 nonnulla

98 2191 211 2234 eversa
231 2177 312 2246 sunt,
336 2167 405 2246 alia,
428 2177 596 2252 antequam
619 2163 659 2230 ad
683 2166 806 2234 culmen
828 2179 1050 2253 pervenerunt,

96 2280 256 2346 derelicta.
307 2280 475 2344 Murorum
496 2288 604 2364 postes
629 2300 698 2344 cum
725 2275 847 2342 foribus
869 2281 931 2366 jam
955 2285 1051 2362 erecti

94 2404 193 2470 stant;
223 2391 408 2456 circumfusa
437 2401 486 2456 est
514 2412 660 2456 saxormn
688 2388 912 2478 quadratotmn
938 2415 1050 2478 magna

94 2509 203 2593 copia,
230 2493 295 2570 tam
323 2502 460 2581 rudium,
495 2525 589 2589 quam
617 2502 855 2588 benigniorum,
891 2505 1050 2570 architecti

92 2640 206 2684 manus
229 2619 407 2682 etiamnunc
430 2617 519 2700 quasi
541 2617 800 2711 exspectantium,
830 2614 943 2702 quibus
966 2615 1050 2680 aedi-

92 2720 206 2794 ficatio
240 2726 449 2812 persolvatur.
506 2728 544 2790 ln
572 2729 652 2814 ¹rnuri
679 2737 769 2812 parte
797 2727 856 2808 (ad
885 2730 917 2809 i)
951 2739 1049 2796 totam

92 2838 192 2906 facile
221 2839 374 2902 rationem
401 2842 589 2924 cognoscas,
611 2859 711 2924 -quam
732 2841 765 2902 in
785 2838 964 2925 scalpendis
986 2841 1051 2904 for-

93 2955 155 3016 mis
183 2932 439 3046 hieroglyphicis'²
462 2951 561 3012 secuti
587 2952 649 3016 sint
663 2935 809 3015 'veteres
867 2953 904 3018 In
931 2975 1050 3017 summa

95 3061 179 3126 muri
200 3070 289 3146 parte
310 3061 458 3144 imagines
485 3070 651 3151 apparent,
680 3033 808 3147 quibus⁸
824 3076 959 3152 extrema
986 3087 1050 3129 ma-

95 3195 158 3238 nus
186 3173 246 3258 jam
275 3174 419 3257 imposita
443 3183 503 3252 est,
532 3173 643 3260 paullo
672 3174 752 3238 infra
774 3174 962 3241 lineamenta
982 3186 1050 3241 tan-

94 3295 162 3350 tum
192 3305 268 3348 saxo
295 3281 393 3350 incisa
424 3319 468 3332 -
501 3295 566 3350 tum
594 3284 783 3352 lineamenta
811 3287 922 3353 colore
949 3285 1048 3353 rubro

93 3397 289 3484 praescripta
316 3408 402 3475 sunt,
431 3419 449 3462 a
476 3396 576 3463 latere
603 3400 697 3493 pauci
725 3421 834 3464 versus
861 3399 975 3464 eodem
996 3421 1071 3473 co-¹

94 3507 181 3588 lore,
211 3497 310 3572 literis
338 3512 478 3595 expressi
506 3511 671 3594 incognitis
694 3511 796 3594 (quaa
817 3531 923 3597 neque
945 3513 1049 3592 sacris,

95 3614 201 3706 nequ‘e
223 3622 378 3686 hieraticis
400 3642 595 3707 papyrorum
611 3621 847 3718 ‘comparandae
869 3622 1050 3704 sunt),for1

100 3711 367 3820 sitansculptoris
389 3730 499 3796 brevia
520 3744 690 3820 praecepta
705 3737 895 3814 contineant,
917 3733 957 3798 de
971 3731 1050 3819 figu⁴

101 3843 144 3906 ria
166 3855 307 3912 aenimate
331 3842 537 3948 conficiendis
560 3843 729 3932 opificibus
752 3845 838 3924 datm
862 3883 902 3900 ·-
925 3843 981 3910 ubi
996 3844 1050 3925 dec

829 3961 849 4021 4
