3000 4908
1037 347 1080 432 7t

124 533 217 600 Φίλα
237 532 374 620 legatur,
402 532 542 601 Thomas
566 555 584 596 a
607 532 745 612 Pinedo,
774 531 945 600 Abrahami
966 535 1101 600 Ortelii.
1131 549 1207 607 Paua
1229 551 1257 608 ιι,

119 649 306 734 opinionem
333 657 477 724 secutus,
507 644 592 730 apud
620 645 821 711 Herodotum
852 645 943 712 Φίλα
977 669 1082 712 emen-

119 759 221 838 davit,
244 757 357 824 sedin
378 760 529 843 majorem
552 759 660 822 incidit
687 780 838 837 errorem,
862 759 984 829 addito:
1012 763 1082 838 „sie
1112 765 1118 774 “

119 875 206 936 enim
233 881 366 936 vocatur
395 869 536 951 (insula)
565 893 584 936 a
615 870 765 936 Diodoro
794 871 903 936 Siculo
933 870 987 936 lib.
1017 873 1080 937 l.!“

120 985 203 1070 Qms
234 993 337 1050 autem
365 1004 433 1048 non
460 982 562 1060 videt,
597 987 625 1047 si
653 983 805 1069 Stephani
833 983 946 1048 Phila
976 983 1080 1050 insula

120 1107 206 1162 esset
233 1096 386 1180 Aegypti,
416 1117 561 1182 magnum
584 1099 677 1160 etiarn
699 1096 817 1162 llurnen
840 1096 1018 1174 Tritonem,
1049 1107 1081 1161 et

118 1207 268 1297 paludem
298 1206 509 1286 Tritonidem‚
538 1207 708 1294 Machlyes
740 1207 878 1294 denique
907 1220 940 1274 et
966 1210 1079 1286 Auses,

120 1326 153 1386 in
173 1332 307 1406 utraque
328 1317 453 1405 paludis
475 1323 543 1408 n'pa
565 1319 742 1386 habitantes
765 1320 900 1402 (Herod.
917 1323 973 1400 IV,
991 1323 1080 1403 180),

121 1438 153 1498 in
173 1436 355 1520 Aegyptum
377 1431 615 1500 transferendos
640 1438 729 1498 esse?
765 1435 814 1498 Ex
828 1433 988 1499 Herodoti
1010 1456 1080 1497 ver-

118 1547 170 1611 bis
192 1548 262 1628 (tv,
287 1547 360 1623 178,
384 1547 463 1627 179)
486 1549 560 1610 satis
584 1557 724 1632 apparet,
745 1545 879 1610 insulam
896 1540 975 1612 atta
998 1549 1079 1626 (non

124 1659 233 1740 Φίλα)
270 1668 302 1722 et
334 1656 484 1743 paludem
513 1657 712 1723 Tritonidem
745 1661 779 1724 in
815 1658 921 1723 littore
950 1657 1078 1727 Africae

120 1771 243 1837 boreali
266 1769 307 1835 ad
322 1769 434 1854 Syrtes
449 1768 485 1852 *)
509 1769 716 1836 collocandas
740 1793 826 1846 esse3
853 1771 976 1836 (trottae
998 1791 1077 1858 quo-

118 1905 183 1970 que
205 1893 300 1950 vocat
322 1881 501 1968 Stephanus
523 1882 658 1954 insulam
681 1905 704 1946 s.
728 1907 758 1948 v.
788 1877 981 1968 Τάκομψος.

186 1997 233 2060 Ex
254 1998 305 2073 iis,
330 1995 534 2081 quaerundo
558 1996 730 2074 attulimus,
755 2019 825 2060 cum
848 1997 921 2060 satis
946 1992 1077 2071 eluceat,

115 2109 316 2174 Pharaouum
347 2117 378 2175 et
399 2107 565 2174 Persarum
591 2120 735 2194 tempore
758 2111 896 2194 Aegypti
918 2106 1000 2170 fines
1024 2129 1077 2172 au-

117 2221 229 2294 strales
250 2225 283 2286 in
305 2220 518 2307 Elephantine
547 2233 579 2286 et
601 2221 721 2306 Syene*
734 2225 852 2308 positas
876 2221 988 2297 fuisse,
1014 2221 1076 2304 jam

117 2333 384 2422 progrediendum
408 2344 456 2398 est
479 2331 520 2396 ad
541 2332 714 2400 Alexandri
737 2345 880 2398 aetatem.
926 2332 985 2396 llle
1009 2335 1076 2418 qui-

117 2448 190 2512 dem
217 2469 303 2512 anno
332 2447 398 2512 332
420 2469 449 2513 a.
475 2445 534 2514 Ch.
558 2468 588 2510 n.
620 2447 704 2516 facili
732 2447 862 2532 negotio
893 2447 1075 2530 Aegyptum

115 2558 253 2646 subegit,
286 2560 454 2645 aMajace
476 2568 601 2642 satrapa
629 2559 772 2645 Memphi
800 2562 897 2624 amice
919 2569 1079 2644 receptus,

118 2683 151 2736 et
171 2671 268 2758 longe
291 2670 433 2738 diversus
453 2693 473 2735 a
490 2668 662 2756 Cambyse,
685 2693 845 2739 sacrorum
860 2671 1075 2758 profanatore,

118 2786 223 2850 omnia
251 2786 295 2848 ita
324 2785 514 2868 composuit,
544 2792 578 2847 ut
606 2782 684 2847 nihil
714 2806 751 2847 ex
775 2788 877 2870 patrio
900 2787 1076 2870 Aegyptio-

120 2918 188 2960 rum
215 2915 305 2958 more
333 2903 476 2956 mutaret.
528 2896 682 2960 interiora
706 2917 836 2984 quoque
858 2897 999 2982 Aegypti
1021 2918 1075 2960 eo·
1100 2880 1102 2884 ¹

119 3007 193 3071 dem
225 3018 370 3091 tempore
405 3027 424 3068 a
457 3002 586 3073 Graecis
622 3019 775 3095 occupata
809 3009 922 3087 fuisse,
961 3031 998 3072 ex
1033 3030 1072 3072 eo

121 3119 241 3194 elue'et,
275 3114 363 3202 quod
397 3115 578 3182 Alexander
612 3117 840 3206 Apolloniden
871 3120 987 3186 Chium
1023 3143 1075 3185 so-

122 3232 252 3313 ciosque
289 3228 472 3293 delectionis
500 3253 574 3295 reos
605 3235 636 3294 in
665 3233 922 3318 Elephantinen,
956 3233 1074 3297 scilicet

120 3344 355 3406 remotissimum
388 3353 539 3406 terrarum
561 3343 681 3421 lorum,
712 3369 781 3409 eum
804 3357 948 3410 accurata
971 3357 1076 3411 eusto-

116 3453 169 3518 dia
191 3457 271 3518 misit
292 3452 357 3534 **).
403 3455 618 3541 Posteaquam
635 3457 839 3522 ¹Ptolemaeus
861 3459 940 3544 Lagi
969 3458 989 3522 h
1013 3459 1075 3522 Ae-

149 3657 172 3730 ’)
198 3658 230 3716 es.
255 3659 427 3724 Henniolre
451 3659 485 3716 de
508 3643 596 3734 geogr.
620 3659 723 3716 Africae
745 3659 896 3717 Herodotea
921 3681 948 3738 p.
961 3664 1010 3716 -20,
1030 3662 1074 3735 qui
1119 3717 1120 3722 ,

187 3746 315 3822 Stephani
333 3767 452 3804 errorem
471 3748 660 3815 animadvertit,
679 3757 766 3808 tamen
784 3747 817 3817 de
835 3748 888 3806 situ
904 3744 1004 3806 insulae
1016 3750 1074 3808 artri

186 3833 250 3889 nihil
267 3842 340 3891 certe
358 3853 520 3912 proponens.

152 3917 192 3990 ⁸⁴)
211 3918 313 3978 Arriam
333 3919 367 3976 de
385 3919 480 4001 exped.
498 3918 572 3980 Alex.
593 3919 716 3992 ltt,158.
