<?xml version="1.0" encoding="UTF-8"?>
<!DOCTYPE html PUBLIC "-//W3C//DTD XHTML 1.0 Transitional//EN"
    "http://www.w3.org/TR/xhtml1/DTD/xhtml1-transitional.dtd">
<html xmlns="http://www.w3.org/1999/xhtml" xml:lang="en" lang="en">
 <head>
  <title>
</title>
<meta http-equiv="Content-Type" content="text/html;charset=utf-8" />
  <meta name='ocr-system' content='tesseract 3.04.00' />
  <meta name='ocr-capabilities' content='ocr_page ocr_carea ocr_par ocr_line ocrx_word'/>
</head>
<body>
  <div class='ocr_page' id='page_1' title='image "./dephilisinsulae00partgoog_0088.png"; bbox 0 0 3000 4908; ppageno 0'>
   <div class='ocr_carea' id='block_1_1' title="bbox 1003 416 1051 489">
    <p class='ocr_par' dir='ltr' id='par_1_1' title="bbox 1003 416 1051 489">
     <span class='ocr_line' id='line_1_1' title="bbox 1003 416 1051 489; baseline -0.021 0"><span class='ocrx_word' id='word_1_1' title='bbox 1003 416 1051 489; x_wconf 78' lang='lat'>73</span> 
     </span>
    </p>
   </div>
   <div class='ocr_carea' id='block_1_2' title="bbox 50 568 1222 3371">
    <p class='ocr_par' dir='ltr' id='par_1_2' title="bbox 50 568 1222 3371">
     <span class='ocr_line' id='line_1_2' title="bbox 91 568 1222 678; baseline -0.002 -20"><span class='ocrx_word' id='word_1_2' title='bbox 91 593 135 658; x_wconf 89' lang='lat' dir='ltr'>de</span> <span class='ocrx_word' id='word_1_3' title='bbox 159 613 223 678; x_wconf 80' lang='lat' dir='ltr'>qus</span> <span class='ocrx_word' id='word_1_4' title='bbox 243 568 364 656; x_wconf 85' lang='lat' dir='ltr'>nullum</span> <span class='ocrx_word' id='word_1_5' title='bbox 388 587 518 660; x_wconf 83' lang='lat' dir='ltr'>dubium</span> <span class='ocrx_word' id='word_1_6' title='bbox 540 569 615 655; x_wconf 84' lang='lat' dir='ltr'>oriri</span> <span class='ocrx_word' id='word_1_7' title='bbox 637 599 758 676; x_wconf 89' lang='lat' dir='ltr'>potest,</span> <span class='ocrx_word' id='word_1_8' title='bbox 781 569 850 653; x_wconf 86' lang='lat' dir='ltr'>cum</span> <span class='ocrx_word' id='word_1_9' title='bbox 873 573 922 655; x_wconf 83' lang='lat' dir='ltr'>tot</span> <span class='ocrx_word' id='word_1_10' title='bbox 943 592 1051 656; x_wconf 78' lang='lat' dir='ltr'>insen·-</span> <span class='ocrx_word' id='word_1_11' title='bbox 1094 569 1172 660; x_wconf 59' lang='lat' dir='ltr'>²Pnar</span> <span class='ocrx_word' id='word_1_12' title='bbox 1190 601 1222 662; x_wconf 78' lang='lat'>11</span> 
     </span>
     <span class='ocr_line' id='line_1_3' title="bbox 91 689 1050 792; baseline -0.001 -22"><span class='ocrx_word' id='word_1_13' title='bbox 91 708 221 792; x_wconf 81' lang='lat' dir='ltr'>ptiones</span> <span class='ocrx_word' id='word_1_14' title='bbox 243 706 407 767; x_wconf 85' lang='lat' dir='ltr'>veritatem</span> <span class='ocrx_word' id='word_1_15' title='bbox 430 701 580 778; x_wconf 80' lang='lat' dir='ltr'>doceaut3</span> <span class='ocrx_word' id='word_1_16' title='bbox 603 737 647 749; x_wconf 92' lang='lat'><em>-</em></span> <span class='ocrx_word' id='word_1_17' title='bbox 671 699 769 766; x_wconf 85' lang='lat' dir='ltr'>altera</span> <span class='ocrx_word' id='word_1_18' title='bbox 790 705 823 766; x_wconf 90' lang='lat' dir='ltr'>in</span> <span class='ocrx_word' id='word_1_19' title='bbox 843 689 1050 782; x_wconf 79' lang='lat' dir='ltr'>occidentem,</span> 
     </span>
     <span class='ocr_line' id='line_1_4' title="bbox 93 813 1051 904; baseline -0.001 -23"><span class='ocrx_word' id='word_1_20' title='bbox 93 816 254 882; x_wconf 81' lang='lat' dir='ltr'><strong>Abaton</strong></span> <span class='ocrx_word' id='word_1_21' title='bbox 275 813 369 880; x_wconf 89' lang='lat' dir='ltr'>nobis</span> <span class='ocrx_word' id='word_1_22' title='bbox 390 813 518 878; x_wconf 83' lang='lat' dir='ltr'>videtur</span> <span class='ocrx_word' id='word_1_23' title='bbox 540 835 610 904; x_wconf 79' lang='lat' dir='ltr'>esse</span> <span class='ocrx_word' id='word_1_24' title='bbox 632 813 743 891; x_wconf 88' lang='lat' dir='ltr'>insula,</span> <span class='ocrx_word' id='word_1_25' title='bbox 766 837 859 900; x_wconf 88' lang='lat' dir='ltr'>quam</span> <span class='ocrx_word' id='word_1_26' title='bbox 880 813 977 904; x_wconf 87' lang='lat' dir='ltr'>bodie</span> <span class='ocrx_word' id='word_1_27' title='bbox 991 836 1051 880; x_wconf 91' lang='lat' dir='ltr'>no-</span> 
     </span>
     <span class='ocr_line' id='line_1_5' title="bbox 90 915 1075 1014; baseline -0.001 -22"><span class='ocrx_word' id='word_1_28' title='bbox 90 933 178 994; x_wconf 91' lang='lat' dir='ltr'>mine</span> <span class='ocrx_word' id='word_1_29' title='bbox 192 929 325 1014; x_wconf 78' lang='lat' dir='ltr'>Bagcb</span> <span class='ocrx_word' id='word_1_30' title='bbox 348 925 513 1012; x_wconf 82' lang='lat' dir='ltr'>designant</span> <span class='ocrx_word' id='word_1_31' title='bbox 535 925 669 1004; x_wconf 81' lang='lat' dir='ltr'>incolae,</span> <span class='ocrx_word' id='word_1_32' title='bbox 693 947 784 1011; x_wconf 86' lang='lat' dir='ltr'>quae,</span> <span class='ocrx_word' id='word_1_33' title='bbox 807 923 911 990; x_wconf 81' lang='lat' dir='ltr'><strong>Philas</strong></span> <span class='ocrx_word' id='word_1_34' title='bbox 934 931 1050 1014; x_wconf 79' lang='lat' dir='ltr'>magni·</span> <span class='ocrx_word' id='word_1_35' title='bbox 1074 915 1075 919; x_wconf 22' lang='lat'>¹</span> 
     </span>
     <span class='ocr_line' id='line_1_6' title="bbox 89 1030 1049 1126; baseline -0.001 -21"><span class='ocrx_word' id='word_1_36' title='bbox 89 1039 204 1105; x_wconf 90' lang='lat' dir='ltr'>tudine</span> <span class='ocrx_word' id='word_1_37' title='bbox 225 1042 356 1104; x_wconf 87' lang='lat' dir='ltr'>multum</span> <span class='ocrx_word' id='word_1_38' title='bbox 378 1059 546 1124; x_wconf 84' lang='lat' dir='ltr'>superaus,</span> <span class='ocrx_word' id='word_1_39' title='bbox 573 1037 703 1124; x_wconf 89' lang='lat' dir='ltr'><strong>rupibus</strong></span> <span class='ocrx_word' id='word_1_40' title='bbox 726 1037 796 1101; x_wconf 81' lang='lat' dir='ltr'>altis</span> <span class='ocrx_word' id='word_1_41' title='bbox 821 1049 852 1103; x_wconf 86' lang='lat' dir='ltr'>et</span> <span class='ocrx_word' id='word_1_42' title='bbox 873 1030 1049 1126; x_wconf 77' lang='lat' dir='ltr'>praeruptis</span> 
     </span>
     <span class='ocr_line' id='line_1_7' title="bbox 90 1142 1049 1237; baseline -0.001 -20"><span class='ocrx_word' id='word_1_43' title='bbox 90 1155 136 1217; x_wconf 90' lang='lat' dir='ltr'>ita</span> <span class='ocrx_word' id='word_1_44' title='bbox 158 1161 206 1217; x_wconf 92' lang='lat' dir='ltr'>est</span> <span class='ocrx_word' id='word_1_45' title='bbox 226 1151 363 1237; x_wconf 82' lang='lat' dir='ltr'>repleta,</span> <span class='ocrx_word' id='word_1_46' title='bbox 393 1162 428 1215; x_wconf 90' lang='lat' dir='ltr'>ut</span> <span class='ocrx_word' id='word_1_47' title='bbox 449 1171 626 1236; x_wconf 79' lang='lat' dir='ltr'><strong>cognomen</strong></span> <span class='ocrx_word' id='word_1_48' title='bbox 648 1142 687 1214; x_wconf 83' lang='grc' dir='ltr'>τὸ</span> <span class='ocrx_word' id='word_1_49' title='bbox 710 1142 840 1233; x_wconf 73' lang='grc' dir='ltr'><em>ἄβατον</em></span> <span class='ocrx_word' id='word_1_50' title='bbox 862 1153 974 1216; x_wconf 87' lang='lat' dir='ltr'>merito</span> <span class='ocrx_word' id='word_1_51' title='bbox 996 1152 1049 1216; x_wconf 90' lang='lat' dir='ltr'>ba-</span> 
     </span>
     <span class='ocr_line' id='line_1_8' title="bbox 91 1258 1107 1350; baseline -0.002 -22"><span class='ocrx_word' id='word_1_52' title='bbox 91 1263 177 1328; x_wconf 88' lang='lat' dir='ltr'>beat.</span> <span class='ocrx_word' id='word_1_53' title='bbox 200 1341 203 1348; x_wconf 13' lang='lat' dir='ltr'>k</span> <span class='ocrx_word' id='word_1_54' title='bbox 229 1263 366 1350; x_wconf 85' lang='lat' dir='ltr'>Templi·</span> <span class='ocrx_word' id='word_1_55' title='bbox 382 1261 435 1327; x_wconf 89' lang='lat' dir='ltr'>vel</span> <span class='ocrx_word' id='word_1_56' title='bbox 464 1262 583 1336; x_wconf 86' lang='lat' dir='ltr'>sacelli¹</span> <span class='ocrx_word' id='word_1_57' title='bbox 601 1265 731 1348; x_wconf 82' lang='lat' dir='ltr'>vestigia</span> <span class='ocrx_word' id='word_1_58' title='bbox 757 1265 791 1326; x_wconf 92' lang='lat' dir='ltr'>in</span> <span class='ocrx_word' id='word_1_59' title='bbox 813 1265 881 1348; x_wconf 86' lang='lat' dir='ltr'>ripa</span> <span class='ocrx_word' id='word_1_60' title='bbox 905 1263 1050 1328; x_wconf 87' lang='lat' dir='ltr'>orientali</span> <span class='ocrx_word' id='word_1_61' title='bbox 1106 1258 1107 1264; x_wconf 58' lang='lat'>&#39;</span> 
     </span>
     <span class='ocr_line' id='line_1_9' title="bbox 96 1374 1050 1462; baseline 0.001 -22"><span class='ocrx_word' id='word_1_62' title='bbox 96 1377 309 1453; x_wconf 83' lang='lat' dir='ltr'>inveniuntur,</span> <span class='ocrx_word' id='word_1_63' title='bbox 332 1375 497 1441; x_wconf 84' lang='lat' dir='ltr'>columnae</span> <span class='ocrx_word' id='word_1_64' title='bbox 518 1374 694 1440; x_wconf 82' lang='lat' dir='ltr'>nonnullae</span> <span class='ocrx_word' id='word_1_65' title='bbox 719 1385 750 1438; x_wconf 91' lang='lat' dir='ltr'>et</span> <span class='ocrx_word' id='word_1_66' title='bbox 772 1374 832 1439; x_wconf 86' lang='lat' dir='ltr'>alia</span> <span class='ocrx_word' id='word_1_67' title='bbox 855 1396 937 1460; x_wconf 89' lang='lat' dir='ltr'>quae</span> <span class='ocrx_word' id='word_1_68' title='bbox 953 1398 1050 1462; x_wconf 87' lang='lat' dir='ltr'>supra</span> 
     </span>
     <span class='ocr_line' id='line_1_10' title="bbox 96 1475 1051 1577; baseline 0 -25"><span class='ocrx_word' id='word_1_69' title='bbox 96 1491 332 1570; x_wconf 76' lang='lat' dir='ltr'>memoravimus</span> <span class='ocrx_word' id='word_1_70' title='bbox 354 1488 477 1552; x_wconf 85' lang='lat' dir='ltr'>rudera.</span> <span class='ocrx_word' id='word_1_71' title='bbox 515 1489 619 1577; x_wconf 80' lang='lat' dir='ltr'>Petra,</span> <span class='ocrx_word' id='word_1_72' title='bbox 642 1486 682 1551; x_wconf 83' lang='lat' dir='ltr'>ad</span> <span class='ocrx_word' id='word_1_73' title='bbox 706 1486 804 1552; x_wconf 90' lang='lat' dir='ltr'>sellae</span> <span class='ocrx_word' id='word_1_74' title='bbox 825 1488 963 1574; x_wconf 87' lang='lat' dir='ltr'>speciem</span> <span class='ocrx_word' id='word_1_75' title='bbox 985 1475 1051 1552; x_wconf 86' lang='lat' dir='ltr'>for-</span> 
     </span>
     <span class='ocr_line' id='line_1_11' title="bbox 92 1597 1049 1686; baseline 0 -22"><span class='ocrx_word' id='word_1_76' title='bbox 92 1611 191 1678; x_wconf 81' lang='lat' dir='ltr'>mata,</span> <span class='ocrx_word' id='word_1_77' title='bbox 220 1623 313 1686; x_wconf 82' lang='lat' dir='ltr'>quum</span> <span class='ocrx_word' id='word_1_78' title='bbox 341 1600 394 1664; x_wconf 87' lang='lat' dir='ltr'>alii</span> <span class='ocrx_word' id='word_1_79' title='bbox 414 1599 449 1682; x_wconf 83' lang='lat'>*)</span> <span class='ocrx_word' id='word_1_80' title='bbox 478 1599 607 1665; x_wconf 75' lang='lat' dir='ltr'>Abaton</span> <span class='ocrx_word' id='word_1_81' title='bbox 637 1621 707 1664; x_wconf 90' lang='lat' dir='ltr'>esse</span> <span class='ocrx_word' id='word_1_82' title='bbox 729 1597 912 1677; x_wconf 89' lang='lat' dir='ltr'>voluerunt,</span> <span class='ocrx_word' id='word_1_83' title='bbox 941 1621 1008 1664; x_wconf 91' lang='lat' dir='ltr'>non</span> <span class='ocrx_word' id='word_1_84' title='bbox 1031 1623 1049 1664; x_wconf 90' lang='lat' dir='ltr'>a</span> 
     </span>
     <span class='ocr_line' id='line_1_12' title="bbox 92 1710 1050 1799; baseline 0.002 -23"><span class='ocrx_word' id='word_1_85' title='bbox 92 1711 193 1776; x_wconf 88' lang='lat' dir='ltr'>Philis</span> <span class='ocrx_word' id='word_1_86' title='bbox 220 1717 254 1777; x_wconf 92' lang='lat' dir='ltr'>in</span> <span class='ocrx_word' id='word_1_87' title='bbox 275 1713 397 1778; x_wconf 90' lang='lat' dir='ltr'>Eurum</span> <span class='ocrx_word' id='word_1_88' title='bbox 423 1717 527 1799; x_wconf 84' lang='lat' dir='ltr'>positu</span> <span class='ocrx_word' id='word_1_89' title='bbox 558 1725 621 1791; x_wconf 87' lang='lat' dir='ltr'>est,</span> <span class='ocrx_word' id='word_1_90' title='bbox 651 1710 708 1776; x_wconf 92' lang='lat' dir='ltr'>sed</span> <span class='ocrx_word' id='word_1_91' title='bbox 730 1715 763 1775; x_wconf 89' lang='lat' dir='ltr'>in</span> <span class='ocrx_word' id='word_1_92' title='bbox 785 1711 880 1777; x_wconf 87' lang='lat' dir='ltr'>litore</span> <span class='ocrx_word' id='word_1_93' title='bbox 900 1710 1050 1794; x_wconf 83' lang='lat' dir='ltr'>Arabico,</span> 
     </span>
     <span class='ocr_line' id='line_1_13' title="bbox 91 1823 1050 1911; baseline 0 -21"><span class='ocrx_word' id='word_1_94' title='bbox 91 1829 342 1911; x_wconf 83' lang='lat' dir='ltr'>septentrionem</span> <span class='ocrx_word' id='word_1_95' title='bbox 363 1848 483 1905; x_wconf 75' lang='lat' dir='ltr'>versus,</span> <span class='ocrx_word' id='word_1_96' title='bbox 504 1825 626 1890; x_wconf 88' lang='lat' dir='ltr'>nullum</span> <span class='ocrx_word' id='word_1_97' title='bbox 648 1824 757 1910; x_wconf 87' lang='lat' dir='ltr'>templi</span> <span class='ocrx_word' id='word_1_98' title='bbox 777 1823 830 1888; x_wconf 89' lang='lat' dir='ltr'>vel</span> <span class='ocrx_word' id='word_1_99' title='bbox 845 1823 924 1890; x_wconf 81' lang='lat' dir='ltr'>alius</span> <span class='ocrx_word' id='word_1_100' title='bbox 939 1847 1050 1890; x_wconf 90' lang='lat' dir='ltr'>monu-</span> 
     </span>
     <span class='ocr_line' id='line_1_14' title="bbox 90 1921 1050 2024; baseline 0.001 -22"><span class='ocrx_word' id='word_1_101' title='bbox 90 1941 192 2002; x_wconf 87' lang='lat' dir='ltr'>menti</span> <span class='ocrx_word' id='word_1_102' title='bbox 218 1941 381 2024; x_wconf 81' lang='lat' dir='ltr'>vestigium</span> <span class='ocrx_word' id='word_1_103' title='bbox 411 1921 592 2003; x_wconf 84' lang='lat' dir='ltr'>ostendens.</span> <span class='ocrx_word' id='word_1_104' title='bbox 645 1936 756 2024; x_wconf 90' lang='lat' dir='ltr'>Ibique</span> <span class='ocrx_word' id='word_1_105' title='bbox 778 1959 938 2023; x_wconf 89' lang='lat' dir='ltr'>nunquam</span> <span class='ocrx_word' id='word_1_106' title='bbox 960 1961 1050 2004; x_wconf 83' lang='lat' dir='ltr'>sacra</span> 
     </span>
     <span class='ocr_line' id='line_1_15' title="bbox 50 2047 1049 2136; baseline 0.006 -26"><span class='ocrx_word' id='word_1_107' title='bbox 50 2103 53 2110; x_wconf 94' lang='lat'><em>.</em></span> <span class='ocrx_word' id='word_1_108' title='bbox 90 2049 200 2114; x_wconf 85' lang='lat' dir='ltr'>habita</span> <span class='ocrx_word' id='word_1_109' title='bbox 229 2073 313 2129; x_wconf 89' lang='lat' dir='ltr'>esse,</span> <span class='ocrx_word' id='word_1_110' title='bbox 346 2073 364 2114; x_wconf 93' lang='lat' dir='ltr'>e</span> <span class='ocrx_word' id='word_1_111' title='bbox 392 2047 496 2126; x_wconf 77' lang='lat' dir='ltr'>terrae</span> <span class='ocrx_word' id='word_1_112' title='bbox 526 2061 699 2136; x_wconf 88' lang='lat' dir='ltr'>conspectu</span> <span class='ocrx_word' id='word_1_113' title='bbox 727 2060 822 2136; x_wconf 86' lang='lat' dir='ltr'>patet.</span> <span class='ocrx_word' id='word_1_114' title='bbox 881 2051 1049 2116; x_wconf 89' lang='lat' dir='ltr'>Praeterea</span> 
     </span>
     <span class='ocr_line' id='line_1_16' title="bbox 92 2160 1050 2250; baseline 0.003 -24"><span class='ocrx_word' id='word_1_115' title='bbox 92 2173 199 2227; x_wconf 88' lang='lat' dir='ltr'>autem</span> <span class='ocrx_word' id='word_1_116' title='bbox 220 2167 407 2250; x_wconf 86' lang='lat' dir='ltr'>scriptorum</span> <span class='ocrx_word' id='word_1_117' title='bbox 430 2165 614 2228; x_wconf 86' lang='lat' dir='ltr'>testimoniis</span> <span class='ocrx_word' id='word_1_118' title='bbox 637 2161 800 2249; x_wconf 87' lang='lat' dir='ltr'>probatur,</span> <span class='ocrx_word' id='word_1_119' title='bbox 821 2160 952 2229; x_wconf 80' lang='lat' dir='ltr'>Abaton</span> <span class='ocrx_word' id='word_1_120' title='bbox 965 2167 1050 2232; x_wconf 90' lang='lat' dir='ltr'>insu-</span> 
     </span>
     <span class='ocr_line' id='line_1_17' title="bbox 91 2273 1050 2361; baseline 0.004 -23"><span class='ocrx_word' id='word_1_121' title='bbox 91 2273 157 2338; x_wconf 90' lang='lat' dir='ltr'>lam</span> <span class='ocrx_word' id='word_1_122' title='bbox 180 2295 257 2354; x_wconf 88' lang='lat' dir='ltr'>esse,</span> <span class='ocrx_word' id='word_1_123' title='bbox 278 2297 347 2342; x_wconf 89' lang='lat' dir='ltr'>non</span> <span class='ocrx_word' id='word_1_124' title='bbox 369 2285 489 2361; x_wconf 89' lang='lat' dir='ltr'>petram</span> <span class='ocrx_word' id='word_1_125' title='bbox 511 2279 544 2339; x_wconf 91' lang='lat' dir='ltr'>in</span> <span class='ocrx_word' id='word_1_126' title='bbox 566 2278 634 2361; x_wconf 87' lang='lat' dir='ltr'>ripa</span> <span class='ocrx_word' id='word_1_127' title='bbox 648 2275 727 2340; x_wconf 80' lang='lat' dir='ltr'>Nili.</span> <span class='ocrx_word' id='word_1_128' title='bbox 773 2275 820 2341; x_wconf 86' lang='lat' dir='ltr'>lta</span> <span class='ocrx_word' id='word_1_129' title='bbox 842 2275 981 2342; x_wconf 88' lang='lat' dir='ltr'>Diodori</span> <span class='ocrx_word' id='word_1_130' title='bbox 1003 2278 1050 2342; x_wconf 89' lang='lat' dir='ltr'>Si-</span> 
     </span>
     <span class='ocr_line' id='line_1_18' title="bbox 93 2386 1049 2478; baseline 0.004 -28"><span class='ocrx_word' id='word_1_131' title='bbox 93 2386 158 2450; x_wconf 91' lang='lat' dir='ltr'>culi</span> <span class='ocrx_word' id='word_1_132' title='bbox 190 2386 280 2453; x_wconf 90' lang='lat' dir='ltr'>locus</span> <span class='ocrx_word' id='word_1_133' title='bbox 313 2389 343 2467; x_wconf 87' lang='lat' dir='ltr'>l,</span> <span class='ocrx_word' id='word_1_134' title='bbox 377 2389 421 2452; x_wconf 75' lang='lat'>22</span> <span class='ocrx_word' id='word_1_135' title='bbox 455 2386 548 2452; x_wconf 87' lang='lat' dir='ltr'>facile</span> <span class='ocrx_word' id='word_1_136' title='bbox 583 2386 785 2474; x_wconf 79' lang='lat' dir='ltr'>explicatru‚&#39;</span> <span class='ocrx_word' id='word_1_137' title='bbox 802 2386 858 2461; x_wconf 92' lang='lat' dir='ltr'>ubi</span> <span class='ocrx_word' id='word_1_138' title='bbox 890 2389 1049 2478; x_wconf 87' lang='lat' dir='ltr'>Philarum</span> 
     </span>
     <span class='ocr_line' id='line_1_19' title="bbox 91 2495 1050 2594; baseline 0.003 -31"><span class='ocrx_word' id='word_1_139' title='bbox 91 2503 192 2586; x_wconf 86' lang='lat' dir='ltr'>prima</span> <span class='ocrx_word' id='word_1_140' title='bbox 222 2512 276 2566; x_wconf 90' lang='lat' dir='ltr'>est</span> <span class='ocrx_word' id='word_1_141' title='bbox 297 2504 430 2567; x_wconf 87' lang='lat' dir='ltr'>mentio:</span> <span class='ocrx_word' id='word_1_142' title='bbox 460 2501 541 2564; x_wconf 72' lang='grc' dir='ltr'><strong><em>ἔνιοι</em></strong></span> <span class='ocrx_word' id='word_1_143' title='bbox 564 2497 604 2562; x_wconf 46' lang='lat' dir='ltr'>frit</span> <span class='ocrx_word' id='word_1_144' title='bbox 633 2517 738 2588; x_wconf 70' lang='lat' dir='ltr'>ouum</span> <span class='ocrx_word' id='word_1_145' title='bbox 765 2495 825 2564; x_wconf 82' lang='grc' dir='ltr'>οὐκ</span> <span class='ocrx_word' id='word_1_146' title='bbox 854 2503 889 2564; x_wconf 78' lang='grc' dir='ltr'>ἐν</span> <span class='ocrx_word' id='word_1_147' title='bbox 912 2501 1050 2594; x_wconf 74' lang='grc' dir='ltr'><strong><em>Μέμφει</em></strong></span> 
     </span>
     <span class='ocr_line' id='line_1_20' title="bbox 90 2605 1049 2698; baseline 0.002 -22"><span class='ocrx_word' id='word_1_148' title='bbox 90 2613 232 2684; x_wconf 74' lang='grc' dir='ltr'><strong><em>κεῖσθαι</em></strong></span> <span class='ocrx_word' id='word_1_149' title='bbox 244 2605 289 2676; x_wconf 81' lang='grc' dir='ltr'>τοὶ</span> <span class='ocrx_word' id='word_1_150' title='bbox 303 2607 440 2697; x_wconf 81' lang='grc' dir='ltr'><em>σώματα</em></span> <span class='ocrx_word' id='word_1_151' title='bbox 454 2605 580 2698; x_wconf 75' lang='grc' dir='ltr'><em>τούτων</em></span> <span class='ocrx_word' id='word_1_152' title='bbox 601 2611 667 2674; x_wconf 83' lang='grc' dir='ltr'>τῶν</span> <span class='ocrx_word' id='word_1_153' title='bbox 689 2611 791 2691; x_wconf 76' lang='grc' dir='ltr'><strong><em>θεῶν,</em></strong></span> <span class='ocrx_word' id='word_1_154' title='bbox 814 2607 882 2676; x_wconf 80' lang='grc' dir='ltr'>ἀλλ’</span> <span class='ocrx_word' id='word_1_155' title='bbox 909 2613 1049 2679; x_wconf 78' lang='grc' dir='ltr'><strong><em>ἐπὶτῶν</em></strong></span> 
     </span>
     <span class='ocr_line' id='line_1_21' title="bbox 93 2705 1050 2810; baseline 0 -21"><span class='ocrx_word' id='word_1_156' title='bbox 93 2721 183 2810; x_wconf 82' lang='grc' dir='ltr'><strong><em>ὁρῶν</em></strong></span> <span class='ocrx_word' id='word_1_157' title='bbox 210 2725 270 2803; x_wconf 83' lang='grc' dir='ltr'>τῆς</span> <span class='ocrx_word' id='word_1_158' title='bbox 291 2724 482 2800; x_wconf 66' lang='grc' dir='ltr'><strong><em>Αἰθιοπίας</em></strong></span> <span class='ocrx_word' id='word_1_159' title='bbox 506 2724 562 2788; x_wconf 82' lang='grc' dir='ltr'>καὶ</span> <span class='ocrx_word' id='word_1_160' title='bbox 583 2723 644 2802; x_wconf 78' lang='grc' dir='ltr'>τῆς</span> <span class='ocrx_word' id='word_1_161' title='bbox 665 2707 853 2808; x_wconf 76' lang='grc' dir='ltr'><em>Αὶγύπτὸυ,</em></span> <span class='ocrx_word' id='word_1_162' title='bbox 880 2705 1050 2804; x_wconf 69' lang='grc' dir='ltr'><strong><em>κατᾶιὴν</em></strong></span> 
     </span>
     <span class='ocr_line' id='line_1_22' title="bbox 93 2825 1049 2924; baseline 0.002 -24"><span class='ocrx_word' id='word_1_163' title='bbox 93 2840 131 2900; x_wconf 81' lang='grc' dir='ltr'>ἐν</span> <span class='ocrx_word' id='word_1_164' title='bbox 151 2836 200 2918; x_wconf 75' lang='grc' dir='ltr'>τῷ</span> <span class='ocrx_word' id='word_1_165' title='bbox 222 2837 332 2918; x_wconf 80' lang='grc' dir='ltr'><strong><em>Νείλῳ</em></strong></span> <span class='ocrx_word' id='word_1_166' title='bbox 354 2836 466 2914; x_wconf 81' lang='grc' dir='ltr'><strong><em>νῆσον,</em></strong></span> <span class='ocrx_word' id='word_1_167' title='bbox 488 2839 638 2920; x_wconf 80' lang='grc' dir='ltr'><strong><em>κειμένην</em></strong></span> <span class='ocrx_word' id='word_1_168' title='bbox 660 2836 720 2919; x_wconf 80' lang='grc' dir='ltr'>μὲν</span> <span class='ocrx_word' id='word_1_169' title='bbox 742 2829 825 2924; x_wconf 82' lang='grc' dir='ltr'><strong><em>πρὸς</em></strong></span> <span class='ocrx_word' id='word_1_170' title='bbox 841 2843 915 2912; x_wconf 84' lang='grc' dir='ltr'><em>ταῖς</em></span> <span class='ocrx_word' id='word_1_171' title='bbox 929 2825 1049 2902; x_wconf 73' lang='grc' dir='ltr'><strong><em>καλου-</em></strong></span> 
     </span>
     <span class='ocr_line' id='line_1_23' title="bbox 92 2941 1050 3036; baseline 0.002 -24"><span class='ocrx_word' id='word_1_172' title='bbox 92 2951 210 3032; x_wconf 72' lang='grc' dir='ltr'><strong><em>μέναις</em></strong></span> <span class='ocrx_word' id='word_1_173' title='bbox 236 2946 355 3022; x_wconf 78' lang='grc' dir='ltr'><strong><em>Φίλαις</em></strong></span> <span class='ocrx_word' id='word_1_174' title='bbox 371 2945 437 3027; x_wconf 64' lang='grc'>**),</span> <span class='ocrx_word' id='word_1_175' title='bbox 460 2947 598 3030; x_wconf 66' lang='grc' dir='ltr'><strong><em>ἔχουσαν</em></strong></span> <span class='ocrx_word' id='word_1_176' title='bbox 619 2946 654 3011; x_wconf 75' lang='grc' dir='ltr'>δὲ</span> <span class='ocrx_word' id='word_1_177' title='bbox 669 2950 893 3036; x_wconf 78' lang='grc' dir='ltr'><em>προςηγορίαν</em></span> <span class='ocrx_word' id='word_1_178' title='bbox 908 2941 975 3012; x_wconf 74' lang='grc' dir='ltr'>ἀπὸ</span> <span class='ocrx_word' id='word_1_179' title='bbox 991 2949 1050 3014; x_wconf 85' lang='grc' dir='ltr'>τοῦ</span> 
     </span>
     <span class='ocr_line' id='line_1_24' title="bbox 96 3043 1047 3145; baseline 0.001 -20"><span class='ocrx_word' id='word_1_180' title='bbox 96 3052 343 3144; x_wconf 77' lang='grc' dir='ltr'><em>συμβεβηκότος</em></span> <span class='ocrx_word' id='word_1_181' title='bbox 358 3057 447 3145; x_wconf 83' lang='grc' dir='ltr'><strong><em>ἱεροῦ</em></strong></span> <span class='ocrx_word' id='word_1_182' title='bbox 469 3055 595 3124; x_wconf 65' lang='lat' dir='ltr'>uentu.</span> <span class='ocrx_word' id='word_1_183' title='bbox 615 3095 655 3106; x_wconf 94' lang='lat'>-</span> <span class='ocrx_word' id='word_1_184' title='bbox 679 3060 786 3124; x_wconf 89' lang='lat' dir='ltr'>lnsula</span> <span class='ocrx_word' id='word_1_185' title='bbox 809 3083 853 3124; x_wconf 85' lang='lat' dir='ltr'>ex</span> <span class='ocrx_word' id='word_1_186' title='bbox 875 3043 1047 3127; x_wconf 86' lang='lat' dir='ltr'>adverso</span> 
     </span>
     <span class='ocr_line' id='line_1_25' title="bbox 98 3169 1050 3259; baseline 0.001 -22"><span class='ocrx_word' id='word_1_187' title='bbox 98 3173 299 3247; x_wconf 82' lang='lat' dir='ltr'>Philarum</span> <span class='ocrx_word' id='word_1_188' title='bbox 327 3173 403 3235; x_wconf 89' lang='lat' dir='ltr'>sita</span> <span class='ocrx_word' id='word_1_189' title='bbox 425 3169 512 3234; x_wconf 83' lang='lat' dir='ltr'>nulla</span> <span class='ocrx_word' id='word_1_190' title='bbox 535 3169 596 3236; x_wconf 84' lang='lat' dir='ltr'>alia</span> <span class='ocrx_word' id='word_1_191' title='bbox 619 3194 688 3236; x_wconf 91' lang='lat' dir='ltr'>esse</span> <span class='ocrx_word' id='word_1_192' title='bbox 710 3182 825 3259; x_wconf 87' lang='lat' dir='ltr'>potest,</span> <span class='ocrx_word' id='word_1_193' title='bbox 848 3195 941 3258; x_wconf 84' lang='lat' dir='ltr'>quarn</span> <span class='ocrx_word' id='word_1_194' title='bbox 965 3171 1050 3238; x_wconf 85' lang='lat' dir='ltr'>Aba·</span> 
     </span>
     <span class='ocr_line' id='line_1_26' title="bbox 97 3269 1050 3371; baseline -0.001 -22"><span class='ocrx_word' id='word_1_195' title='bbox 97 3296 164 3362; x_wconf 86' lang='lat' dir='ltr'>ton,</span> <span class='ocrx_word' id='word_1_196' title='bbox 188 3285 238 3346; x_wconf 85' lang='lat' dir='ltr'>cui</span> <span class='ocrx_word' id='word_1_197' title='bbox 252 3279 415 3347; x_wconf 86' lang='lat' dir='ltr'>Diodorus</span> <span class='ocrx_word' id='word_1_198' title='bbox 437 3269 477 3348; x_wconf 81' lang='lat' dir='ltr'>ab</span> <span class='ocrx_word' id='word_1_199' title='bbox 494 3294 611 3350; x_wconf 86' lang='lat' dir='ltr'>eventu</span> <span class='ocrx_word' id='word_1_200' title='bbox 627 3287 730 3371; x_wconf 83' lang='lat' dir='ltr'>campi</span> <span class='ocrx_word' id='word_1_201' title='bbox 743 3279 824 3350; x_wconf 83' lang='lat' dir='ltr'>sacri</span> <span class='ocrx_word' id='word_1_202' title='bbox 838 3293 958 3350; x_wconf 88' lang='lat' dir='ltr'>nomen</span> <span class='ocrx_word' id='word_1_203' title='bbox 969 3284 1050 3350; x_wconf 89' lang='lat' dir='ltr'>indi-</span> 
     </span>
    </p>
   </div>
   <div class='ocr_carea' id='block_1_3' title="bbox 127 3545 1049 4059">
    <p class='ocr_par' dir='ltr' id='par_1_3' title="bbox 128 3545 607 3625">
     <span class='ocr_line' id='line_1_27' title="bbox 128 3545 607 3625; baseline 0.006 -24"><span class='ocrx_word' id='word_1_204' title='bbox 128 3548 156 3618; x_wconf 53' lang='grc' dir='ltr'>ἐ)</span> <span class='ocrx_word' id='word_1_205' title='bbox 175 3545 309 3602; x_wconf 86' lang='lat' dir='ltr'>Letronue</span> <span class='ocrx_word' id='word_1_206' title='bbox 326 3547 483 3606; x_wconf 79' lang='lat' dir='ltr'>recherches</span> <span class='ocrx_word' id='word_1_207' title='bbox 500 3568 527 3625; x_wconf 88' lang='lat' dir='ltr'>p.</span> <span class='ocrx_word' id='word_1_208' title='bbox 545 3551 607 3604; x_wconf 82' lang='lat'><strong>305.</strong></span> 
     </span>
    </p>

    <p class='ocr_par' dir='ltr' id='par_1_4' title="bbox 127 3632 1049 4059">
     <span class='ocr_line' id='line_1_28' title="bbox 127 3632 1049 3709; baseline 0.002 -21"><span class='ocrx_word' id='word_1_209' title='bbox 127 3633 170 3706; x_wconf 48' lang='grc' dir='ltr'>ἢ)</span> <span class='ocrx_word' id='word_1_210' title='bbox 189 3632 219 3689; x_wconf 83' lang='lat' dir='ltr'>ln</span> <span class='ocrx_word' id='word_1_211' title='bbox 236 3633 359 3709; x_wconf 81' lang='lat' dir='ltr'>ponendo</span> <span class='ocrx_word' id='word_1_212' title='bbox 377 3645 499 3692; x_wconf 85' lang='lat' dir='ltr'>accentu:</span> <span class='ocrx_word' id='word_1_213' title='bbox 517 3641 603 3702; x_wconf 75' lang='grc' dir='ltr'><strong><em>Φίλαι,</em></strong></span> <span class='ocrx_word' id='word_1_214' title='bbox 622 3637 712 3702; x_wconf 74' lang='grc' dir='ltr'><strong><em>ψιλῶν,</em></strong></span> <span class='ocrx_word' id='word_1_215' title='bbox 731 3641 824 3698; x_wconf 76' lang='grc' dir='ltr'><strong><em>Φίλαις</em></strong></span> <span class='ocrx_word' id='word_1_216' title='bbox 837 3643 885 3689; x_wconf 82' lang='lat' dir='ltr'>otc.</span> <span class='ocrx_word' id='word_1_217' title='bbox 905 3635 989 3690; x_wconf 80' lang='lat' dir='ltr'>seculi</span> <span class='ocrx_word' id='word_1_218' title='bbox 1006 3653 1049 3690; x_wconf 91' lang='lat' dir='ltr'>su·</span> 
     </span>
     <span class='ocr_line' id='line_1_29' title="bbox 164 3719 1047 3800; baseline 0 -24"><span class='ocrx_word' id='word_1_219' title='bbox 164 3741 222 3776; x_wconf 89' lang='lat' dir='ltr'>mus</span> <span class='ocrx_word' id='word_1_220' title='bbox 239 3720 461 3778; x_wconf 78' lang='lat' dir='ltr'>substantivorum</span> <span class='ocrx_word' id='word_1_221' title='bbox 482 3724 583 3800; x_wconf 84' lang='lat' dir='ltr'>primae</span> <span class='ocrx_word' id='word_1_222' title='bbox 602 3720 784 3778; x_wconf 82' lang='lat' dir='ltr'>declinationis</span> <span class='ocrx_word' id='word_1_223' title='bbox 803 3720 916 3796; x_wconf 80' lang='lat' dir='ltr'>regulam</span> <span class='ocrx_word' id='word_1_224' title='bbox 939 3730 967 3776; x_wconf 83' lang='lat' dir='ltr'>et</span> <span class='ocrx_word' id='word_1_225' title='bbox 984 3719 1047 3777; x_wconf 85' lang='lat' dir='ltr'>Dio·</span> 
     </span>
     <span class='ocr_line' id='line_1_30' title="bbox 163 3801 1049 3886; baseline 0.003 -24"><span class='ocrx_word' id='word_1_226' title='bbox 163 3801 256 3863; x_wconf 85' lang='lat' dir='ltr'>dorum</span> <span class='ocrx_word' id='word_1_227' title='bbox 274 3827 308 3864; x_wconf 83' lang='lat' dir='ltr'>ex</span> <span class='ocrx_word' id='word_1_228' title='bbox 324 3806 367 3864; x_wconf 80' lang='lat' dir='ltr'>erl.</span> <span class='ocrx_word' id='word_1_229' title='bbox 385 3807 570 3883; x_wconf 78' lang='lat' dir='ltr'>Wesselingii3</span> <span class='ocrx_word' id='word_1_230' title='bbox 588 3807 690 3865; x_wconf 82' lang='lat' dir='ltr'>diversa</span> <span class='ocrx_word' id='word_1_231' title='bbox 709 3810 775 3864; x_wconf 86' lang='lat' dir='ltr'>ratio</span> <span class='ocrx_word' id='word_1_232' title='bbox 794 3817 835 3864; x_wconf 82' lang='lat' dir='ltr'>est</span> <span class='ocrx_word' id='word_1_233' title='bbox 853 3806 922 3886; x_wconf 84' lang='lat' dir='ltr'>apud</span> <span class='ocrx_word' id='word_1_234' title='bbox 940 3807 1049 3865; x_wconf 78' lang='lat' dir='ltr'>Strabo·</span> 
     </span>
     <span class='ocr_line' id='line_1_31' title="bbox 164 3891 1049 3972; baseline 0.006 -24"><span class='ocrx_word' id='word_1_235' title='bbox 164 3913 225 3948; x_wconf 86' lang='lat' dir='ltr'>nem</span> <span class='ocrx_word' id='word_1_236' title='bbox 243 3891 304 3950; x_wconf 75' lang='lat' dir='ltr'>edic</span> <span class='ocrx_word' id='word_1_237' title='bbox 323 3893 503 3952; x_wconf 77' lang='lat' dir='ltr'>Almeloveeni</span> <span class='ocrx_word' id='word_1_238' title='bbox 520 3893 611 3964; x_wconf 79' lang='lat' dir='ltr'>xvii,</span> <span class='ocrx_word' id='word_1_239' title='bbox 628 3915 656 3972; x_wconf 85' lang='lat' dir='ltr'>p.</span> <span class='ocrx_word' id='word_1_240' title='bbox 675 3897 753 3963; x_wconf 81' lang='lat'>1173,</span> <span class='ocrx_word' id='word_1_241' title='bbox 771 3895 815 3951; x_wconf 90' lang='lat' dir='ltr'>ubi</span> <span class='ocrx_word' id='word_1_242' title='bbox 833 3895 926 3962; x_wconf 76' lang='grc' dir='ltr'><strong><em>Φιλὰς,</em></strong></span> <span class='ocrx_word' id='word_1_243' title='bbox 945 3905 974 3952; x_wconf 85' lang='lat' dir='ltr'>et</span> <span class='ocrx_word' id='word_1_244' title='bbox 989 3895 1049 3953; x_wconf 79' lang='lat' dir='ltr'>Ari-</span> 
     </span>
     <span class='ocr_line' id='line_1_32' title="bbox 164 3973 918 4059; baseline 0.004 -24"><span class='ocrx_word' id='word_1_245' title='bbox 164 3978 261 4036; x_wconf 83' lang='lat' dir='ltr'>stidem</span> <span class='ocrx_word' id='word_1_246' title='bbox 278 3979 320 4038; x_wconf 79' lang='lat' dir='ltr'>erl</span> <span class='ocrx_word' id='word_1_247' title='bbox 338 3981 459 4040; x_wconf 86' lang='lat' dir='ltr'>Dindorf</span> <span class='ocrx_word' id='word_1_248' title='bbox 471 3980 505 4051; x_wconf 86' lang='lat' dir='ltr'>ll,</span> <span class='ocrx_word' id='word_1_249' title='bbox 523 4002 548 4059; x_wconf 87' lang='lat' dir='ltr'>p.</span> <span class='ocrx_word' id='word_1_250' title='bbox 567 3986 634 4051; x_wconf 76' lang='lat'><strong>437,</strong></span> <span class='ocrx_word' id='word_1_251' title='bbox 653 3981 697 4040; x_wconf 90' lang='lat' dir='ltr'>ubl</span> <span class='ocrx_word' id='word_1_252' title='bbox 709 3987 794 4039; x_wconf 72' lang='grc' dir='ltr'><strong><em>Φίλων</em></strong></span> <span class='ocrx_word' id='word_1_253' title='bbox 812 3973 918 4058; x_wconf 72' lang='lat' dir='ltr'>legitur.¹</span> 
     </span>
    </p>
   </div>
   <div class='ocr_carea' id='block_1_4' title="bbox 0 0 1505 4908">
    <p class='ocr_par' dir='ltr' id='par_1_5' title="bbox 0 0 1505 4908">
     <span class='ocr_line' id='line_1_33' title="bbox 0 0 1505 4908; baseline 0 0"><span class='ocrx_word' id='word_1_254' title='bbox 0 0 1505 4908; x_wconf 95' lang='lat' dir='ltr'> </span> 
     </span>
    </p>
   </div>
  </div>
 </body>
</html>
