3000 4908
994 415 1044 488 83

81 617 152 662 rum
175 613 324 658 errorem.
363 592 483 676 Viginti
501 588 600 653 stadia
617 599 755 676 aequant
771 588 881 655 11400
895 589 969 676 ped.
985 590 1044 656 Pa·
1090 601 1166 662 Pras
1185 605 1216 664 n,

80 712 135 774 ris.
174 708 267 792 Quae
290 727 361 770 cum
384 705 489 768 omnia
510 700 636 788 longius
659 724 677 766 a
699 703 832 782 veritate
854 701 966 782 disint,
988 725 1044 768 ne-

82 843 148 908 que
176 819 310 905 vulgatis
339 813 530 906 lectionibus
559 813 681 900 absque
710 835 818 878 errore
851 815 1042 900 praesidium

82 934 191 999 afferri
211 934 321 1019 possit,
343 950 440 992 unum
462 926 568 992 locum
590 929 633 990 ita
655 927 837 992 mutandtmr
857 931 1043 1008 censuimus,

81 1057 120 1110 ut
141 1045 347 1126 Letronnium
368 1037 404 1120 *)
427 1042 527 1110 secuti
555 1042 589 1104 in
614 1038 767 1104 Antonini
796 1038 879 1106 libro
902 1063 963 1127 pro
985 1043 1041 1107 111.

81 1157 130 1224 M.
160 1158 195 1221 P.
226 1155 402 1241 legeremus
430 1153 487 1230 Vl,
517 1152 693 1236 conjunctis
728 1149 850 1216 duabus
883 1151 1042 1237 prioribus

83 1270 226 1347 lineolis,
257 1287 339 1355 quae
368 1267 499 1329 mutatio
526 1287 596 1328 cum
619 1267 801 1351 saepissime
822 1267 856 1328 in
876 1267 1042 1330 itinerariis

86 1385 230 1459 occurrit,
253 1391 317 1445 turn
339 1377 413 1441 huic
434 1397 637 1440 numerorum
659 1379 803 1441 varietati
822 1399 928 1441 ansam
944 1377 1040 1444 dedit.

85 1494 246 1582 Habemus
268 1496 361 1579 igitur
374 1490 421 1555 M.
440 1490 476 1554 P.
501 1490 568 1567 Vt,
592 1493 759 1575 aequantia
775 1515 818 1546 =
834 1491 945 1556 atsto
967 1491 1040 1576 ped.

84 1607 197 1685 Paris,
225 1607 378 1671 mensuris
402 1601 535 1668 Gallicis
557 1605 707 1687 proxima.
762 1602 928 1668 Strabonis
950 1601 1041 1668 locus

83 1742 103 1783 a
127 1714 425 1784 commentatoribus
455 1713 602 1780 omnibus
630 1719 868 1802 praetermissus
890 1727 1043 1782 nontam

83 1830 177 1895 facile
200 1829 383 1895 absolvitur.
441 1829 614 1894 Auctorem
638 1830 736 1907 enim,
765 1851 835 1892 etun
864 1831 932 1916 ipse
960 1831 1042 1895 viam

84 1941 273 2018 confecerit,
301 1944 352 2004 vix
376 1939 528 2006 credibile
552 1953 600 2007 est
621 1963 680 2028 per
704 1963 844 2006 errorem
867 1941 1043 2008 distantiam

84 2051 185 2138 duplo
208 2054 358 2136 majorem
380 2053 543 2131 habuisse3
572 2076 670 2142 quare
693 2054 745 2118 bic
766 2053 855 2118 libris
878 2055 1043 2120 inhaerere

83 2149 295 2231 existimamus
322 2169 445 2246 vitium,
480 2165 575 2252 quale
603 2145 636 2230 in
664 2187 867 2231 numerorum
902 2166 1044 2253 designa·

80 2283 172 2345 tione
194 2281 319 2365 saepius
343 2301 526 2358 occurrere,
547 2283 642 2344 nemo
665 2263 775 2344 barum
796 2298 900 2344 rerum
923 2279 1043 2344 studio·

80 2414 137 2458 sus
181 2395 313 2478 ignorat.
375 2392 570 2478 Conjicimus
609 2391 799 2456 Strabonem
837 2393 876 2458 N
878 2379 1042 2470 'clodione

80 2508 260 2592 scripsisse,
284 2504 372 2591 quod
398 2527 416 2568 a
439 2508 571 2570 veritate
593 2507 718 2568 minime
741 2502 831 2569 abest
851 2501 922 2586 w:
952 2507 1042 2592 quin-

82 2621 232 2704 quaginta
254 2616 354 2682 stadia
377 2627 579 2704 aequant:
602 2619 712 2683 28500
734 2616 807 2704 ped.
831 2617 927 2683 Paris.

114 2731 237 2793 Verum
249 2751 325 2816 ergo
336 2729 537 2796 intervallum
549 2751 618 2795 cum
629 2734 670 2796 sit
681 2731 841 2795 :30000
858 2730 932 2815 ped.
943 2732 1040 2796 Paris

115 2845 270 2907 itinerarii
292 2844 338 2907 M.
355 2844 389 2906 P.
406 2842 464 2908 Vt.
477 2841 627 2930 'aequant
681 2844 843 2908 :27:300
876 2879 922 2894 -
964 2877 1009 2890 -·-

115 2954 280 3020 Strabonis
305 2957 348 3020 50
371 2955 479 3020 Stadia
681 2957 844 3021 :28500
879 2995 919 3007 -
964 2995 1009 3006 -

86 3087 192 3153 neque
219 3071 253 3132 in
281 3067 396 3132 talibus
422 3069 576 3134 mensuris
599 3071 773 3133 accuratius
794 3091 944 3136 numeros
967 3091 1042 3135 con-

84 3201 197 3265 gruere
220 3178 443 3245 desideramus.

85 3354 287 3372 Ν

120 3454 145 3524 ·)
162 3457 191 3512 in
208 3458 348 3515 Strabonis
365 3460 486 3516 versione
504 3459 538 3528 V,
556 3481 582 3538 p.
602 3463 662 3517 tas.
724 3470 746 3514 .‘

115 3550 151 3622 ‘¹')
181 3550 269 3624 Quam
290 3550 413 3627 frequens
436 3555 503 3630 sitq
527 3563 554 3610 et
575 3579 589 3610 ν
610 3553 744 3612 literarum
774 3553 907 3623 confusio,
933 3557 1041 3613 minimo

154 3640 229 3716 apice
247 3640 274 3704 iu
292 3636 367 3698 libris
385 3637 448 3698 llas.
467 3639 661 3709 distinctarum,
687 3643 793 3734 spcplus
815 3651 973 3700 monuerunt
993 3647 1042 3702 cri·

154 3728 209 3783 tici.
249 3724 359 3784 Praeter
380 3728 531 3787 Jacobsium
555 3740 583 3786 et
604 3729 764 3799 Porsonum‚
787 3733 839 3806 jam
862 3752 876 3787 a
899 3730 1042 3806 Sebaeiero

153 3811 188 3869 ad
205 3811 316 3891 Gregor.
335 3812 455 3884 Corinth.
478 3839 505 3898 p.
523 3819 577 3876 358
594 3815 728 3888 laudatos,
751 3817 803 3878 rid.
822 3817 941 3896 ejusdem
958 3839 1039 3878 anao-

152 3907 210 3956 tatt
228 3899 262 3956 ad
279 3900 391 3978 Gregor.
409 3925 436 3982 p.
449 3908 474 3961 t.
494 3914 522 3962 et
536 3903 657 3963 Bestiam
674 3915 841 3964 commentat.
858 3905 1041 3986 palaeograpb.

157 3983 287 4061 Gregorio
306 4009 413 4048 annexa.
430 4011 457 4070 p.
476 3993 537 4049 726.
999 4025 1001 4028 ·
1028 3995 1032 4005 ¹

775 4089 841 4152 fi*
