3026 4920
205 669 210 678 Ι
282 601 356 660 Pars
375 599 394 658 l.

271 2181 332 2238 Not
348 2184 414 2237 titur

263 2255 423 2310 accidentale

451 422 477 495 2

451 598 511 665 bus
534 597 601 666 fere
624 597 728 662 onmia
751 593 1001 678 ceciderunt*),
1023 595 1182 662 Philamm
1205 609 1308 666 autem
1330 612 1411 667 tem·

451 710 519 798 pla,
548 709 674 776 favente
696 709 837 788 fortuna,
864 729 975 794 magna
997 730 1035 774 ex
1057 719 1147 796 parte
1168 713 1289 798 integra
1310 712 1409 780 uobis

452 833 577 891 servata
599 831 680 887 sunt.
904 819 907 825 ’

497 937 569 1011 Jam
583 937 724 1022 primum,
735 943 771 998 ut
785 944 965 998 nostrorum
981 935 1231 1020 geographorum
1247 957 1345 1018 more,
1358 941 1407 1004 in-

453 1047 542 1114 sulae
557 1050 649 1112 situm
665 1049 837 1112 accuratius
856 1045 1049 1123 definiamus,
1070 1031 1244 1112 notandum
1260 1060 1315 1129 est,
1339 1053 1407 1136 ejus

454 1124 652 1225 laditudinem
674 1157 838 1224 borealem
861 1180 929 1222 esse
952 1159 1014 1222 24⁰
1040 1155 1069 1222 3¹
1091 1155 1157 1236 45''‚
1179 1157 1407 1247 longitudinem

455 1271 645 1340 orientalem
673 1272 770 1336 Paris.
794 1271 856 1336 30ο
882 1267 933 1334 33’
955 1267 1021 1336 46”.
1072 1270 1239 1358 Sequimur
1262 1277 1320 1338 viri
1348 1274 1407 1339 do-

454 1387 579 1450 ctissimi
600 1385 721 1449 Noueti
749 1381 999 1448 dissertationem
1023 1385 1057 1446 in
1080 1383 1408 1452 Commentationibus

454 1499 645 1584 aegyptiacis
673 1497 864 1579 (Memoires
887 1517 941 1558 sur
962 1493 1109 1582 l’Egypte
1132 1517 1173 1560 an
1194 1519 1222 1562 x.
1247 1499 1342 1564 1801.
1366 1499 1407 1563 ΙΙ.

453 1635 485 1697 p.
514 1611 610 1692 237.)
643 1608 699 1674 ubi
731 1606 878 1674 subtilior
910 1610 1101 1695 computatio
1132 1612 1342 1676 astronomica
1373 1613 1407 1676 in

453 1744 544 1788 usum
571 1731 685 1787 vocata
713 1717 774 1798 est,
798 1722 857 1806 etsi
885 1723 1037 1786 exercitus
1064 1719 1332 1800 FrancofGallici
1359 1727 1404 1788 in-

452 1836 655 1920 scriptionem
680 1835 716 1898 in
742 1853 855 1918 magno
878 1831 1035 1896 Philamm
1063 1832 1201 1918 pylone‚
1228 1855 1323 1920 quem
1349 1855 1402 1898 vo-

455 1957 541 2025 cant,
564 1944 670 2030 legere
685 1945 886 2021 meminimus,
909 1965 991 2030 quae
1010 1943 1206 2012 latitudinem
1221 1947 1284 2012 24⁰
1303 1943 1331 2011 1'
1348 1941 1403 2012 34”

455 2051 682 2144 longitudinem
704 2056 767 2120 30⁰
792 2052 843 2120 34'
865 2051 922 2120 16²¹
942 2059 1034 2142 ponit
1047 2054 1112 2138 fl).

521 2170 610 2233 Litus
632 2166 698 2233 Nili
721 2167 918 2234 occidentale
942 2167 1132 2234 ePhilarum
1154 2171 1284 2258 regione
1304 2169 1404 2236 multo

454 2281 581 2369 majoris
605 2291 652 2345 est
674 2271 852 2359 altitudinis,
876 2299 969 2368 quam
992 2279 1177 2346 elatissimae
1198 2281 1320 2348 insulae
1334 2305 1406 2368 par-

389 2375 400 2400 ⁹
455 2397 511 2461 tes.
558 2396 680 2460 Tamen
701 2403 835 2479 propter
855 2413 995 2478 magnam
1018 2415 1133 2458 arenae
1156 2397 1286 2488 copiam,
1300 2416 1330 2476 ¹e
1352 2395 1405 2458 Li-
1494 2380 1496 2389 ¹

454 2506 540 2594 byae
568 2505 699 2572 desertis
727 2505 937 2593 adportatam,
965 2508 1067 2570 minus
1085 2517 1289 2592 praeruptum
1310 2525 1406 2592 appa-

454 2629 518 2698 ret,
552 2631 646 2706 quam
674 2617 762 2704 quod
791 2621 971 2705 oppositum
998 2628 1046 2684 est
1072 2617 1155 2688 lituus
1212 2618 1404 2704 Ubicunque

454 2741 549 2818 rupes
573 2730 736 2816 ffisjectae,
758 2734 847 2816 nigro
865 2729 981 2798 colore
1002 2729 1155 2810 imbutae,
1176 2733 1269 2796 variis
1290 2751 1404 2816 scopu-

454 2843 558 2908 lorum
579 2843 700 2924 formis,
722 2846 755 2908 in
777 2842 873 2908 altum
897 2842 1084 2922 atteruntur,
1105 2846 1188 2908 inter
1209 2863 1287 2929 quas
1309 2863 1404 2908 arena

455 2954 578 3042 libyca,
614 2977 684 3020 cum
718 2959 832 3021 sensim
866 2953 1078 3042 paulatimque
1106 2953 1272 3020 intervalla
1298 2957 1404 3020 omnia

454 3067 639 3154 repleverit,
667 3078 771 3154 usque*
796 3066 837 3132 ad
858 3065 966 3133 Nilum
989 3065 1215 3154 progrediens,
1241 3085 1283 3131 ne
1304 3066 1409 3170 pediti⁸

489 3291 513 3361 ⁹)
531 3289 631 3346 Auctor
647 3293 734 3345 tautae
752 3295 978 3344 monumentomm
1002 3286 1115 3358 jacturae
1132 3281 1181 3340 tuit
1196 3279 1403 3344 liobamdreduu·

481 3415 484 3421 ,
524 3377 590 3452 bey,
607 3379 657 3454 ,qui
679 3377 747 3433 circa
770 3393 864 3428 annum
880 3368 1112 3442 muccoxvlll.
1133 3369 1281 3452 praelectus
1298 3372 1403 3450 Syenen

524 3466 633 3532 missus,
657 3465 742 3519 omnia
763 3459 949 3536 Elephantines
970 3455 1067 3536 templa
1090 3457 1181 3526 diruit,
1208 3467 1235 3514 et
1257 3461 1284 3516 iu
1306 3459 1401 3516 calcem

456 3541 459 3548 ’
524 3548 650 3607 dissolvit.
692 3547 765 3604 Idem
788 3544 832 3601 ille
848 3545 985 3616 barbarus,
1007 3547 1065 3624 pari
1086 3547 1145 3600 usui
1161 3565 1312 3602 numerosas
1327 3543 1399 3599 Anti·

522 3645 590 3694 notts
607 3634 754 3702 columnas,
776 3631 901 3690 Hadriani
917 3644 1037 3712 tempore
1055 3629 1203 3702 collocatas,
1228 3647 1318 3703 magau
1335 3626 1398 3682 anti·

523 3726 628 3800 quitatis
646 3722 803 3778 detrimento
821 3723 921 3778 evertit.
994 3747 995 3750 ¹

487 3811 521 3881 ‘*)
539 3810 656 3868 Eosdem
673 3828 811 3876 numeros,
829 3809 914 3866 miuus
931 3815 1080 3874 accuratos,
1097 3805 1198 3864 tabidae
1214 3797 1399 3877 geographicae

524 3896 600 3968 (anni
618 3895 704 3964 1818)
727 3897 894 3972 praepositos
915 3895 943 3949 in
960 3892 1149 3971 Descriptione
1165 3890 1277 3970 Aegypti
1294 3885 1398 3967 Antiqu.

520 3979 572 4042 vol.
589 4002 613 4041 v.
649 3983 801 4058 reperimus.
