3000 4908
489 423 540 498 to

318 611 393 670 Pana
411 613 443 672 11.
491 600 654 688 proprium
682 606 832 662 mutatum
859 605 918 676 cst,
948 595 1038 682 cujus
1060 597 1138 660 α’·
1179 596 1340 659 ‘iinonium
1362 597 1457 660 inve·

491 716 592 777 nimus
624 708 708 796 apud
729 708 910 774 Diodorum
932 706 1072 771 Siculum
1100 709 1144 788 (l,
1173 708 1241 788 ²2).
1292 707 1354 772 llic
1386 711 1455 793 qui-

486 824 564 889 dem
586 821 719 888 insulam
741 843 808 886 non
830 823 972 885 nominat
986 818 1038 900 *),
1062 819 1119 884 scd
1140 818 1175 884 id
1197 829 1316 884 tantum
1338 818 1450 885 habet:

492 928 547 1000 διὰ
575 928 700 1013 ταύτην
730 932 764 996 δὲ
794 924 856 1012 τὴν
885 934 997 998 αἰτίαν
1025 933 1081 996 καὶ
1109 924 1170 1011 τὴν
1197 931 1303 1014 νῆσον
1324 925 1444 1010 ταύτην

493 1040 653 1130 ἄβατον
675 1038 759 1109 εἶναι
779 1038 867 1124 πλὴν
887 1052 958 1120 τοῖς
979 1044 1115 1132 ἱερεῦσι,
1143 1043 1199 1107 καὶ
1220 1036 1351 1118 πάντας
1365 1035 1439 1117 ,τοὺς

491 1151 554 1236 τὴν
579 1155 733 1240 Θηβαΐὸα
755 1157 1056 1232 κατοικοῦντας-
1077 1157 1234 1240 μέγιστον
1256 1147 1357 1242 ὅρκον
1380 1154 1446 1240 xpi·

427 1345 431 1352 ¹
483 1291 574 1348 «ναν,
607 1263 690 1336 ὅταν
718 1292 767 1350 τις
788 1261 849 1334 τὸν
864 1263 991 1349 Ὄσιριν
1013 1259 1073 1333 τὸν
1095 1271 1131 1331 ἐν
1157 1267 1277 1342 Φίλαις
1297 1265 1445 1349 κείμενον

493 1374 608 1472 ὀμόσῃ.
647 1382 742 1448 Haud
764 1403 856 1446 secus
878 1379 965 1467 apud
985 1379 1185 1444 Plutarchum
1208 1377 1229 1443 l.
1245 1379 1265 1442 l.
1290 1370 1446 1461 ἄβατον

491 1494 548 1559 καὶ
560 1489 830 1580 ἀπροςττέλαστον
840 1493 963 1581 legitur.
981 1491 1019 1557 cf.
1031 1492 1238 1556 Letronnium
1249 1515 1280 1578 p.
1292 1491 1360 1554 305
1372 1488 1438 1571 **).

313 1641 450 1696 Diodorus
535 1622 538 1626 ’
582 1605 769 1673 Constitutis
801 1609 864 1694 jam
896 1605 971 1671 loco
1001 1624 1060 1671 suo
1090 1603 1187 1669 Philis
1220 1613 1251 1668 et
1278 1601 1389 1670 Abato
1417 1605 1450 1666 in

321 1713 438 1766 sentus.
492 1716 681 1783 definiendis
703 1719 844 1804 Aegypti
864 1716 981 1782 finibus
1003 1694 1191 1794 meridianis,
1212 1715 1380 1780 Diodorus
1403 1715 1450 1780 Si-

407 1905 410 1910 r
492 1830 582 1895 culus
605 1829 769 1894 adeundus
793 1841 848 1909 est,
872 1833 927 1917 q'ui
948 1828 1007 1894 suh
1028 1827 1127 1894 finem
1149 1827 1266 1893 Graeci
1286 1830 1320 1890 in
1341 1827 1451 1913 Aegy-

493 1952 549 2030 pto
572 1944 702 2028 imperii,
727 1954 878 2028 regnante
900 1941 1086 2008 Ptolemaeo
1109 1941 1184 2005 Neo
1206 1941 1358 2024 Dionyso
1382 1938 1450 2018 (vel

492 2053 631 2135 Anime),
654 2052 853 2118 Pharaonnm
876 2065 990 2118 terram
1013 2053 1097 2133 adiit,
1119 2052 1249 2139 Olymp.
1267 2053 1332 2116 180
1348 2051 1449 2136 (anno

468 2167 546 2230 -60,
582 2189 609 2230 a.
645 2157 705 2231 C'h.
742 2169 794 2248 n.)
828 2165 916 2247 m).
976 2166 1083 2230 Primo
1116 2163 1339 2230 bibliothecae
1363 2161 1449 2228 libro

492 2278 625 2363 priscam
647 2277 785 2364 Aegypti
806 2279 968 2343 historiam
991 2277 1105 2344 diffuse
1127 2288 1246 2355 tractat,
1270 2277 1450 2344 divinitates

480 2390 704 2476 ·A·egyptiacas
728 2389 945 2455 cumGraecis
966 2392 1075 2454 mixtas
1098 2389 1194 2476 longa
1215 2393 1297 2454 sen‘e
1320 2412 1451 2456 enume

471 2512 548 2582 grat,
572 2500 612 2564 de
635 2510 739 2565 terrae
761 2512 793 2567 et
813 2501 989 2567 incolarum
1010 2513 1123 2567 natura
1145 2503 1242 2567 multa
1262 2523 1338 2567 sane
1356 2503 1451 2569 alleri

443 2603 444 2606 ¹
491 2624 667 2678 memoratu
701 2611 809 2700 digna,
844 2613 902 2679 sed
935 2617 968 2680 in
999 2613 1152 2679 omnibus·
1178 2624 1275 2679 artem
1309 2617 1450 2680 criticam

494 2735 525 2790 et
545 2724 694 2812 judicium
707 2725 939 2806 desideramus,
962 2725 1076 2813 quibus
1099 2725 1202 2813 pollet
1224 2725 1372 2790 historiae
1396 2751 1452 2814 pa-

492 2911 693 2926 m

527 3025 555 3096 *)
580 3024 611 3082 Si
633 3027 691 3100 quis
710 3029 742 3080 ex
760 3023 874 3082 Diodori
891 3023 951 3082 loeo
968 3025 1079 3083 insulam
1097 3023 1186 3101 Bageh
1204 3027 1273 3096 imin
1292 3029 1383 3080 πεδίον
1404 3047 1450 3083 no·
1493 3015 1494 3046 ¹

563 3113 686 3168 minatam
703 3110 783 3167 sulm
801 3113 930 3185 conjiciat,
946 3113 1027 3169 verba
1044 3112 1150 3189 quidem
1161 3133 1214 3168 non
1227 3119 1380 3188 repugnant,
1401 3113 1450 3170 sed

563 3197 632 3254 nulla
650 3197 699 3254 alia
717 3200 858 3255 auctoritas
876 3198 984 3254 accedit.

528 3285 569 3356 ⁸⁸)
600 3281 785 3363 Champollion
807 3287 893 3340 minor
914 3287 990 3363 epiri.
1005 3283 1059 3342 =le.
1088 3284 1221 3346 ininsula
1243 3281 1334 3360 Bageh
1354 3283 1446 3342 inscri-

521 3387 524 3392 '
563 3373 668 3449 ptionea
680 3367 889 3448 hieroglyphicas
900 3371 972 3447 legit,
989 3372 1083 3448 quihus
1095 3380 1236 3440 constaret,
1248 3371 1315 3427 hane
1326 3372 1436 3432 insulam·

564 3461 604 3514 cui
623 3479 719 3514 nornen
736 3477 839 3514 sacrum
857 3456 954 3514 Snem
975 3457 1086 3514 inclitum
1105 3469 1189 3528 esset,
1212 3458 1289 3534 longe
1308 3468 1368 3512 ante
1387 3457 1442 3514 Phi·

563 3543 602 3602 las
629 3546 733 3624 pompis
762 3543 932 3614 celebratam,
958 3543 1136 3621 templumque
1163 3564 1232 3602 nunc
1259 3545 1341 3598 ruinis
1367 3544 1451 3600 colla·

410 3706 415 3715 Ι
523 3651 527 3658 ·
564 3653 642 3710 psum
669 3632 705 3686 ah⁴
724 3631 873 3709 Amenophi
896 3631 927 3687 ll.
941 3629 1065 3692 ,Anubidi
1091 3640 1120 3686 ct
1145 3630 1222 3686 Deae
1248 3627 1351 3684 Hathor
1379 3629 1454 3710 clica-

564 3728 620 3775 tum
637 3717 724 3776 luisse.

528 3797 779 3882 ·‘·)1‚⁸pt53‚85.
810 3803 839 3859 ln
852 3803 885 3860 H.
898 3802 1025 3880 Stephani
1043 3811 1155 3858 tractatu
1172 3800 1205 3857 de
1223 3797 1345 3856 Diodoro
1363 3819 1420 3879 pag
1433 3804 1453 3872 1,
1493 3793 1494 3848 l

561 3913 638 3969 quern
657 3888 851 3964 Wesaelingiur
870 3889 1046 3947 recudendum
1057 3891 1179 3956 omani,
1202 3886 1383 3962 nonagesima
1404 3889 1452 3947 Ol.

562 3998 612 4058 por
628 3974 804 4040 errorcmhic
821 3975 917 4034 litteris
934 3978 1110 4056 perecriptum
1128 3995 1178 4054 pro
1196 3973 1383 4048 octogesima.
