3000 4908
424 1315 598 1412 Pans
645 1319 702 1413 II.

135 1541 201 1608 De
237 1537 385 1634 Aegypti
401 1538 527 1635 finibus
558 1475 752 1612 meridianis
785 1552 819 1609 et
850 1540 989 1611 historia

480 1651 640 1722 Pdilensi

75 2191 169 2318 De
191 2253 348 2318 Philarum
370 2252 577 2340 etymologia,
607 2275 689 2338 quae
716 2253 885 2318 multorum
912 2277 1041 2320 acumen
1088 2257 1163 2318 Pars
1182 2263 1213 2322 n

80 2371 241 2446 excitavit,
264 2389 366 2453 pauca
387 2365 616 2454 praemittenda
638 2378 719 2432 sunt.
764 2367 814 2431 Ex
836 2353 948 2454 linguai
963 2369 1042 2434 Ara-
1083 2377 1228 2466 Philarup

78 2481 167 2558 bica,
181 2478 347 2558 Hebraica,
363 2478 508 2565 Coptica,
524 2477 648 2546 Graeca
662 2501 780 2545 nomen
796 2479 968 2546 derivatum
984 2492 1040 2547 est.
1065 2452 1238 2522 ‘'mmm“

79 2594 362 2658 Bochartus
395 2593 428 2654 in
456 2593 647 2680 geographia
675 2615 765 2658 sacra
793 2593 822 2672 l,
852 2597 888 2674 4,
916 2595 969 2659 26.
999 2593 1041 2660 ab

84 2704 213 2772 ebure
235 2723 354 2770 nomen
377 2701 554 2768 ducendum
577 2703 690 2784 credit,
714 2705 779 2792 quo
803 2717 947 2795 tempore
969 2707 1041 2772 Phi-

84 2817 141 2880 lae
172 2827 203 2882 et
224 2816 449 2902 Elephantine,
479 2838 517 2880 ex
545 2816 655 2882 eadem
683 2841 718 2882 re
748 2817 805 2884 sed
829 2819 959 2886 dirersis
982 2819 1040 2884 lin-

85 2932 156 3011 guis
180 2929 409 3005 denominatae,
435 2929 590 2992 interioris
612 2929 738 2994 Africae
762 2935 954 2996 commerciis
978 2932 1040 2998 cla-

83 3060 142 3106 rae
164 3043 290 3105 fuerint.
316 3077 356 3090 --
380 3041 510 3125 Zoiga
533 3037 574 3104 de
596 3039 744 3107 obeliscis
765 3067 796 3130 p.
813 3045 887 3108 286.
904 3068 922 3108 a
937 3043 1038 3109 verbo

89 3148 231 3238 Coptico
254 3151 374 3238 phelh
395 3153 429 3234 (i.
446 3174 472 3217 e.
489 3149 622 3221 allidere
643 3154 698 3219 vel
718 3159 899 3241 percutere)
921 3178 1039 3222 nomen

89 3262 212 3329 derivat
226 3275 357 3350 propter
371 3275 555 3332 cataractam
568 3270 602 3332 in
615 3269 798 3354 propinquo
813 3271 962 3354 positam;
985 3292 1040 3356 pa-

85 3399 155 3441 rum
179 3388 308 3463 accepta
331 3381 389 3443 erit
409 3379 488 3444 haec
511 3381 620 3466 opinio
642 3378 714 3460 illis,
737 3383 791 3467 qui
813 3379 885 3445 loca
906 3383 974 3466 ipsa
994 3383 1040 3445 vi-

85 3493 233 3566 sitarunt,
263 3511 333 3554 cum
360 3490 455 3556 Nilus
484 3494 566 3556 cirea
594 3491 714 3570 Philas,
741 3490 869 3578 placido
899 3514 1039 3578 aequore

88 3601 267 3681 adveniens,
291 3605 381 3688 quasi
400 3604 434 3668 in
456 3602 558 3668 lacum
583 3625 738 3690 expansus
759 3602 911 3682 videatur,
935 3614 967 3670 ct
989 3626 1039 3668 ca-

89 3722 223 3780 taractae
250 3717 342 3801 primi
372 3714 497 3801 scopuli
526 3736 544 3778 e
573 3713 749 3802 longinquo
772 3727 892 3781 tantum
915 3718 1039 3803 conspi-

90 3825 215 3889 ciantur.
260 3825 326 3890 Sed
354 3828 381 3890 si
408 3838 512 3891 tecum
542 3826 807 3907 consideraveris,
836 3828 904 3894 fere
934 3831 1038 3894 omnia

88 3935 352 4024 Aegyptiacorum
391 3936 515 4004 urbium
548 3942 674 4008 nomina
723 3964 742 4006 a
775 3937 907 4008 Graecis
944 3940 1037 4008 nobis
