3004 4922
487 379 537 456 44

487 557 647 626 Strabone
674 555 797 640 (XVII,
817 576 850 642 p.
872 553 968 637 818.)
989 551 1087 620 Pbilis
1116 552 1207 633 culti,
1234 554 1363 618 monuit
1390 553 1457 618 De-

487 656 603 740 nonins
625 672 676 757 (p.
698 669 826 751 XXII.).
848 747 850 754 Ι
877 666 991 744 illinus¹
1006 677 1109 746 recte,
1136 677 1173 744 ut
1193 663 1287 732 nobis
1309 664 1455 742 videtur,

486 771 698 868 Hamiltonius
727 779 881 863 (Travels
908 804 940 867 p.
969 780 1044 863 50.)
1070 777 1117 844 ibi
1138 769 1274 844 Osiridis
1303 777 1454 844 defuncti

489 918 605 984 corpus
628 893 806 980 depositum
827 893 925 958 luisse
947 901 1063 970 censet,
1087 913 1156 955 cum
1177 912 1284 977 neque
1307 889 1452 954 Osiridis

488 1007 668 1094 sepulcrum
696 1009 730 1072 in
757 1004 859 1070 insula
887 1004 995 1083 fuerit,
1024 1025 1086 1069 nec
1114 1002 1249 1070 Osiridis
1280 1000 1396 1070 cultus
1428 1007 1447 1066 ir

486 1122 693 1206 inscriptione
715 1118 783 1184 ulla
805 1126 1075 1184 commemoretur.

284 1253 417 1310 Ammo
436 1256 474 1309 art
553 1233 584 1297 A
605 1245 700 1318 porta
721 1231 775 1315 (l)
804 1231 1002 1295 dextrorsum
1032 1227 1137 1310 scalpe
1165 1228 1281 1293 leniter
1308 1229 1452 1293 acclives

328 1327 422 1395 templi

322 1405 428 1452 tectum.

489 1347 549 1432 (g)
579 1347 612 1409 in
640 1355 757 1411 tectum
785 1365 908 1408 sursum
936 1342 1051 1408 ferunt
1101 1337 1202 1426 Quod
1224 1340 1384 1427 templum
1409 1319 1463 1406 tus

488 1456 658 1524 strantibus
686 1478 726 1522 eo
749 1459 865 1543 gratius
889 1467 951 1534 est,
980 1477 1050 1520 cum
1070 1456 1105 1519 in
1127 1455 1239 1519 ceteris
1260 1475 1452 1520 monumen-

488 1572 528 1636 tis
549 1571 704 1634 rarissime
727 1569 948 1656 opportunitas
971 1555 1043 1632 data
1065 1570 1119 1644 sit,
1146 1568 1450 1664 tectum'visitandn

490 1719 532 1734 -·
562 1692 610 1746 est
628 1683 721 1746 'enim
749 1689 804 1746 aut
829 1691 1063 1748 caementorum
1084 1679 1229 1766 pondere
1251 1679 1448 1767 prolapsum,

490 1806 544 1860 aut
564 1791 621 1858 ubi
642 1794 799 1870 remansit,
820 1791 925 1858 scalae
948 1791 1070 1858 dirutae
1085 1815 1248 1858 ascensam]
1262 1791 1441 1880 probibent.

489 1908 580 1983 Eum,
595 1908 650 1992 pui
666 1926 705 1969 ex
716 1926 836 1970 summo
848 1905 971 1991 fastigio
984 1907 1080 1971 totius
1092 1903 1228 1970 aedificii
1238 1915 1355 1970 statum
1375 1928 1445 1970 con-

488 2018 666 2105 templatur,
688 2015 851 2083 admiratio
866 2016 958 2096 subit,
981 2039 1048 2105 quo
1070 2017 1217 2083 fortunae
1238 2017 1352 2082 favore
1370 2022 1447 2084 inte-

489 2153 544 2219 gra
558 2132 650 2216 hujus
672 2132 867 2196 monumenti
888 2129 990 2194 forma
1012 2133 1053 2196 sit
1069 2140 1264 2196 conservata.
1302 2130 1445 2196 Maxima

490 2244 651 2330 diligentia
667 2241 810 2329 dispositi
824 2253 897 2310 sunt
911 2241 1034 2329 lapides
1053 2241 1205 2328 quadrati,
1226 2245 1271 2306 ita
1285 2253 1330 2321 ut,
1353 2244 1445 2310 nulla

489 2358 706 2423 materiatione
733 2354 787 2421 vel
816 2357 1089 2420 concameratione
1118 2353 1271 2434 adbibita,
1299 2357 1373 2422 sine
1398 2381 1447 2423 an-

489 2472 532 2534 sis
553 2469 663 2534 ferreis
685 2459 739 2532 vel
760 2465 985 2546 subscudibus,
1007 2447 1332 2554 lapidum'jrmcturae
1355 2491 1447 2536 accu-

466 2579 640 2646 ratissime
675 2585 798 2646 cedant.
861 2580 1020 2646 Summum
1053 2577 1231 2644 aedificium
1262 2583 1446 2666 protectura

490 2694 581 2780 quasi
608 2691 708 2757 lorica
737 2691 845 2772 ambit,
880 2703 913 2758 et
941 2715 979 2759 ea
1006 2695 1143 2771 ratione,
1171 2713 1265 2777 quam
1293 2691 1378 2759 Tab.
1409 2699 1444 2760 ll.

489 2805 591 2872 forma
624 2807 646 2870 8
678 2804 914 2883 illustravimus,
952 2826 1065 2890 aquam
1096 2803 1267 2890 pluvialem
1300 2803 1445 2874 demittit

286 2926 472 2985 stillicidium.
488 2915 566 2985 Duo
600 2928 705 2984 tresve
733 2916 910 3004 crepidines
939 2939 1098 2984 recessum
1126 2915 1257 2996 babent,
1292 2921 1388 3005 cujus
1417 2925 1447 2986 in

489 3029 562 3098 solo
596 3028 773 3116 paullulum
807 3040 957 3095 excavato
992 3040 1025 3094 et
1056 3031 1090 3096 in
1122 3028 1259 3095 medium
1291 3031 1447 3100 inclinato

490 3143 682 3210 canaliculus
704 3141 862 3208 verticalis
890 3152 946 3208 est.
996 3140 1081 3206 Infra
1111 3141 1302 3229 crepidinem
1329 3147 1365 3210 in
1400 3171 1449 3212 ex-

489 3265 582 3322 terno
605 3253 715 3340 templi
736 3257 857 3341 pariete
879 3252 983 3318 leonis
1004 3256 1134 3341 jacentis
1156 3255 1257 3320 forma
1279 3261 1451 3342 prominet

490 3379 585 3454 atque
613 3370 696 3446 inter
721 3366 822 3452 pedes
850 3385 909 3452 per
931 3366 1137 3432 canaliculmn
1159 3367 1349 3452 stillicidimn
1375 3377 1451 3436 exit.

489 3480 689 3566 Quamquam
709 3477 807 3543 Pbilis
835 3477 925 3544 calor
952 3479 1029 3546 solis
1057 3491 1127 3546 toto
1150 3501 1234 3546 anne
1262 3481 1344 3554 fere,
1358 3482 1451 3546 idem

489 3603 552 3670 est,
580 3602 769 3677 montesque
798 3594 1056 3678 circumjacentes
1074 3603 1190 3662 ventos
1213 3591 1372 3671 detinent,
1398 3596 1452 3660 in-

488 3704 612 3770 terdum
636 3715 739 3768 tamen
761 3702 884 3769 subitae
907 3709 1092 3772 coorientur
1112 3715 1323 3792 tempestates,
1345 3717 1380 3770 et
1402 3710 1454 3773 in-

488 3820 574 3903 genti
608 3838 678 3880 cum
710 3815 837 3903 fragore
865 3816 1082 3884 densissimum
1109 3817 1241 3887 imbrem
1269 3817 1451 3888 demittunt

487 3929 582 4017 aqua
615 3937 719 3996 autem
752 3937 816 4028 tam
844 3928 1147 4011 ostentarentur,
1182 3941 1216 4000 et
1243 3952 1263 3996 a
1289 3929 1453 4000 redeunte
