3000 4908
465 405 516 482 98

291 593 367 653 Pius
385 591 417 652 11.
466 581 611 671 legimusr
645 577 711 660 „de
740 599 804 666 qua
833 580 1050 644 controversia
1081 590 1129 645 est
1158 586 1252 648 orta“
1285 585 1348 667 (cf.
1377 587 1416 654 ad.

466 695 497 762 b.
520 693 579 782 h);
602 695 701 782 ipsius
723 690 796 758 libri
818 693 912 777 copia
934 690 1028 769 nobis
1049 714 1118 758 norr
1140 694 1222 763 facta
1246 706 1303 762 est.

299 825 408 880 Noutria
532 808 655 873 Notitia
677 803 804 906 Imperii
825 805 937 868 orient.
961 800 997 885 *)
1019 807 1053 868 in
1076 804 1265 873 definiendis
1287 811 1415 900 Aegypti

299 897 410 966 imperii

282 967 432 1024 orientatis.
466 917 584 986 finibus
606 914 786 980 meridianis
809 915 976 984 manifesto
1000 916 1118 982 mendo
1134 918 1281 997 ¹laborat:
1303 926 1414 1011 „Aegy-
1462 992 1463 1002 g

466 1043 549 1122 ptus,
574 1031 714 1096 omnium
736 1029 900 1115 regionmn
923 1027 1111 1094 fertilissima
1135 1043 1169 1098 et
1182 1033 1419 1118 opulentissima,
1462 1007 1463 1076 A

469 1181 510 1196 -
541 1140 712 1208 ameridie
738 1137 821 1204 ultra
844 1138 973 1206 Thebas
1004 1153 1036 1205 et
1057 1144 1196 1211 Meroiin
1223 1145 1351 1212 insulam
1382 1146 1422 1212 ad

468 1265 655 1321 cataractam
677 1253 868 1338 Aethiopiae
891 1253 1124 1340 conjungitur,“
1148 1295 1188 1310 -
1212 1257 1318 1345 paullo
1337 1258 1420 1321 infra

466 1371 654 1434 rectissime:
692 1362 860 1444 „Thebais
882 1367 976 1429 tertia
998 1377 1072 1453 pars
1094 1370 1242 1457 Aegypti,
1265 1394 1284 1434 a
1306 1367 1416 1434 Thebis

466 1504 570 1569 usque
599 1479 638 1546 ad
667 1478 799 1565 Syenen
827 1476 990 1542 meridiem
1018 1502 1129 1546 versus
1157 1484 1355 1570 ponigitur.“
1380 1515 1423 1528 —
1463 1535 1464 1550 .

467 1595 533 1659 Pro
557 1592 711 1673 „ultra“
739 1592 767 1655 si
789 1587 949 1675 legeretur
976 1593 1136 1671 ,‚inter,“
1163 1613 1275 1655 sensus
1299 1592 1424 1678 quidem

468 1717 604 1772 exstaret
626 1702 754 1782 melior,
776 1699 834 1767 sed
855 1700 940 1766 male
964 1724 1111 1790 expressa
1134 1713 1218 1767 esset
1239 1701 1350 1770 finimn
1375 1705 1426 1770 de-

419 1799 426 1814 ·
467 1820 612 1904 scriptio;
649 1837 748 1902 quare
775 1813 875 1878 verba
904 1825 961 1893 „et
989 1817 1128 1880 Meroie'n
1155 1813 1321 1895 insulam,“
1357 1839 1425 1882 cum

467 1929 559 1997 nullo
582 1927 680 1994 modo
704 1925 833 1992 defendi
855 1928 994 2012 possint,
1015 1913 1187 2012 'ceteraque
1209 1931 1328 2014 optime
1352 1952 1427 1995 con-

469 2052 590 2130 gruant,
612 2043 743 2128 margini
765 2038 922 2126 adscripta
943 2039 1039 2104 fuisse
1061 2050 1215 2125 putamus.
1268 2041 1427 2106 Philarum

467 2156 611 2221 notitiam
638 2151 737 2220 habes
766 2150 842 2216 ibid.
871 2152 945 2231 VII,
973 2175 1004 2237 p.
1035 2153 1131 2221 1699.
1176 2152 1299 2240 „Legio
1327 2157 1429 2240 prima

467 2267 692 2332 Maximiniana
713 2263 844 2330 Filis.“

296 2398 417 2452 Arabum
535 2380 574 2443 ln
600 2375 811 2442 examinandis
832 2375 974 2442 Arabum
996 2376 1202 2464 scriptoribus
1225 2376 1265 2442 de
1287 2378 1429 2464 Aegypti

282 2470 435 2539 mmm·
470 2489 616 2558 confiniis
651 2512 690 2555 ea
724 2499 845 2555 tantum
874 2489 1088 2577 consignanda
1118 2491 1308 2569 censuimus,
1343 2511 1428 2574 quae

469 2602 581 2693 paullo
610 2601 791 2668 uberiorem
821 2602 1064 2689 descriptionem
1097 2601 1254 2668 exhibent.
1308 2603 1429 2688 Jejuna

472 2719 554 2782 enim
576 2727 610 2781 et
633 2717 740 2781 tenuia
762 2725 844 2794 sunt,
867 2738 949 2802 quae
973 2739 991 2782 a
998 2715 1168 2824 plerisque
1183 2713 1349 2779 traduntur
1359 2712 1426 2796 **).

472 2829 556 2896 Cum
584 2831 756 2914 scriptores
785 2849 895 2894 omnes
916 2829 1099 2914 Aegyptum
1126 2826 1167 2893 ad
1190 2828 1320 2912 Syenen
1343 2824 1430 2890 clau-

472 2939 548 3006 dant
562 2937 655 3023 ffl),
684 2940 843 3005 Philarum
864 2937 1001 3008 Nubiae¹
1020 2938 1245 3026 adscriptorum
1272 2942 1428 3004 rarissima

507 3163 536 3234 *)
554 3164 625 3242 apud
642 3163 783 3222 Graevium
800 3163 859 3234 Vll,
875 3183 935 3242 pag.
955 3163 1033 3222 1638.

506 3250 550 3322 ⁸)
568 3249 754 3310 Abuliedae
772 3272 862 3330 geogr.
878 3255 906 3309 irr
923 3249 1018 3308 Descr.
1036 3249 1101 3324 Aeg.
1120 3247 1161 3306 cd.
1179 3247 1320 3320 Michaelis.
1338 3271 1373 3364 p..
1385 3255 1407 3308 l.
1461 3231 1468 3348 4

511 3339 705 3480 urgan
741 3347 823 3447 sau
860 3338 1078 3472 mytra
1114 3375 1172 3474 ge
1200 3360 1289 3468 ste
1319 3373 1419 3476 ρ’)

876 3494 1079 3621 pase-fis
1111 3478 1238 3606 ⁹7³¹*
1267 3521 1344 3590 <⁹²

544 3628 571 3675 et
588 3619 621 3676 ab
638 3631 727 3678 austro
744 3620 825 3678 hahet
841 3620 979 3695 Aegyptus
996 3627 1094 3672 terram
1112 3615 1201 3671 Sudan
1213 3613 1347 3668 Nubarnm
1364 3611 1430 3668 alio·

543 3727 659 3782 rumque.
696 3705 727 3764 cf.
746 3705 876 3762 Edrisii
892 3703 980 3759 Africa
998 3701 1038 3756 ed.
1057 3700 1207 3755 Hartmarm.
1226 3717 1252 3772 p.
1270 3698 1332 3752 324.
1350 3716 1410 3776 sqq.

507 3792 567 3862 ffl)
588 3790 789 3848 And-allatii
803 3790 843 3847 ed.
862 3788 934 3863 Sylv.
954 3787 987 3844 de
1006 3785 1083 3860 Saey.
1102 3783 1123 3853 1,
1143 3789 1166 3840 1.
1207 3781 1237 3838 ln
1254 3786 1428 3842 annotationi-

541 3878 592 3934 bus
619 3879 719 3953 ingenti
741 3895 801 3932 eum
827 3873 974 3930 eruditione
997 3872 1153 3950 conscriptis
1178 3871 1264 3928 omnia
1285 3868 1319 3926 de
1341 3870 1428 3947 Aegy-

541 3971 589 4040 pto
607 3971 752 4020 memoratu
769 3961 846 4036 digna
863 3960 986 4017 invenies.
