3026 4920
312 621 387 680 Pana
406 617 425 678 Ι.
480 619 555 688 loco
577 617 661 710 idem
683 617 855 684 Belzonius
883 639 987 682 arcmn
1009 615 1116 702 lapide
1137 615 1291 704 quadrato
1315 629 1456 684 exstru-

387 767 389 772 ·
481 745 564 799 ctum
586 732 705 795 invenit
719 727 764 810 ⁴⁸⁵),
785 731 886 794 minus
910 732 1002 794 etiam
1024 729 1152 796 fornicis
1173 733 1303 797 nomine
1326 731 1453 818 appel·

481 844 624 920 landum,
648 863 716 906 cum
738 844 865 906 nonnisi
886 839 1043 928 lapidibus
1066 863 1104 908 ex
1126 865 1230 930 aequo
1253 848 1451 932 superposi-

482 959 521 1022 tis
551 965 683 1022 constet
744 952 869 1020 Eodem
896 953 963 1018 iere
992 953 1089 1022 modo
1118 955 1254 1022 fornices
1281 955 1444 1042 Abydeni

484 1056 557 1134 sunt
595 1069 773 1144 exsnucti,·
800 1069 919 1153 optimo
956 1077 1037 1132 teste
1074 1067 1244 1148 Jomardo,
1289 1072 1347 1156 qui
1393 1093 1447 1134 ve

483 1203 550 1248 ram
583 1191 680 1246 artem
712 1179 850 1244 fornices
882 1177 1057 1244 fabricandi
1084 1181 1234 1246 Romanis
1267 1181 1322 1246 vel
1355 1181 1446 1248 adeo

483 1293 592 1360 Italiae
613 1289 726 1360 incolis
747 1293 817 1377 jure
838 1289 1006 1356 vindicavit
1026 1289 1092 1374 **).
1138 1295 1172 1358 Si
1193 1295 1450 1360 concamerandi

409 1385 416 1402 ⁸
485 1429 535 1471 ars
557 1407 722 1492 Aegyptiis
743 1405 944 1482 innotuisset,
974 1425 1042 1470 eam
1063 1426 1130 1470 non
1152 1405 1254 1470 solum
1276 1409 1309 1471 in
1333 1409 1449 1494 hypo

486 1521 565 1606 gaia,
587 1517 645 1582 sed
667 1520 757 1582 etiam
780 1519 812 1580 in
835 1513 958 1601 templis
981 1513 1112 1600 aliisque
1134 1517 1303 1603 majoribus
1328 1520 1447 1586 aedifi-

487 1634 541 1696 ciis
575 1627 802 1704 adhibuissent3
835 1649 940 1714 neque
973 1630 1076 1714 magni
1107 1633 1257 1695 momenti
1289 1630 1447 1698 Belzonii

487 1753 698 1830 argumentum
726 1738 891 1818 habemus,
921 1739 1065 1804 dicentis:
1103 1741 1222 1808 ideireo
1251 1745 1283 1806 in
1310 1745 1445 1831 templis

487 1867 570 1922 tecta
594 1863 809 1918 concamerata
830 1867 897 1917 nun
918 1853 1062 1938 reperiri,
1092 1852 1179 1938 quod
1201 1851 1304 1919 lineae
1328 1877 1446 1922 curva-

489 1979 539 2049 tae
562 1987 632 2032 cum
655 1968 751 2030 totius
774 1962 909 2028 aedificii
930 1963 1125 2049 simplicitate
1148 1976 1180 2030 et
1193 1968 1356 2052 majestate
1371 1989 1444 2032 non

488 2088 708 2166 congruerent
766 2076 830 2161 Qui
862 2075 1014 2141 sonticam
1047 2079 1080 2140 in
1107 2077 1209 2142 insula
1237 2079 1347 2165 Bageh
1376 2101 1444 2146 una

490 2213 560 2256 cum
582 2189 701 2276 tempto
725 2199 912 2254 exstructum
932 2187 1030 2254 tuisse
1053 2189 1256 2266 contendunt,
1279 2211 1335 2255 eos
1357 2211 1445 2257 non-

489 2307 550 2370 nisi
569 2301 645 2368 inde
666 2326 684 2367 a
706 2301 863 2366 Philarum
885 2303 953 2388 ripa
975 2303 1121 2386 opposita
1137 2323 1241 2366 arcum
1256 2301 1443 2388 adspexisse

492 2437 670 2491 censemum
694 2416 748 2500 qui
767 2435 854 2492 vero,
876 2415 909 2478 in
930 2413 1063 2478 insulam
1083 2414 1238 2498 trajectus,
1260 2414 1369 2501 paulio
1396 2417 1443 2482 di-

490 2529 635 2616 ligentius
665 2525 841 2592 aedificium
868 2527 1111 2612 investigaverit,
1138 2525 1305 2612 intelliget,
1331 2549 1441 2596 arcum

492 2661 559 2708 non
591 2639 730 2726 ejusdem
760 2660 829 2702 esse
857 2639 979 2714 aetatis,
1020 2659 1080 2722 qua
1110 2637 1274 2704 columnae
1304 2648 1334 2702 et
1362 2661 1441 2726 por-

493 2767 544 2821 tae
566 2763 701 2820 structae
723 2760 809 2828 sunt,
836 2747 893 2814 sed
915 2753 982 2814 sine
1005 2747 1103 2815 dubio
1125 2751 1339 2815 Romanorum
1361 2760 1440 2816 tem—

494 2887 574 2954 pore
603 2863 757 2951 adjectum
785 2862 881 2926 tuisse
902 2859 988 2942 m).
1039 2861 1121 2926 Nam
1150 2873 1181 2926 et
1207 2861 1319 2948 singuli
1346 2885 1438 2930 arcus

493 2976 616 3066 lapides
643 2974 763 3042 leviter
781 2985 900 3044 tantum
927 2973 1051 3062 scalpti,
1084 2993 1196 3060 magna
1223 2995 1293 3040 cum
1319 2977 1438 3041 incuria

1355 3107 1439 3156 com-

495 3177 695 3191 m·-

489 3363 492 3374 ,
529 3292 894 3372 ')Balzonil.l.plnte⁴14.

530 3389 564 3461 ”)
582 3389 675 3447 Βέεεῑ.
695 3388 835 3464 d'Abydas.
853 3408 879 3466 p.
899 3390 940 3444 12.

530 3483 574 3558 ⁸⁸)
592 3481 772 3540 Lancretus
789 3504 816 3561 p.
833 3486 875 3539 92.
894 3503 909 3536 a
927 3477 1090 3547 Christianis,
1108 3479 1267 3538 Thebaidem
1282 3481 1437 3552 terentibus,

566 3591 627 3628 eum
644 3579 803 3627 exstructum
820 3587 879 3625 esse
896 3576 976 3644 putat.
1011 3565 1117 3622 Illorum
1133 3577 1220 3622 antem
1237 3587 1316 3644 opera
1327 3565 1437 3640 plerum-

564 3674 618 3734 que
634 3657 758 3714 lateribus
775 3647 857 3711 coetis
873 3661 998 3710 constant.
1029 3651 1246 3707 Hamiltonius
1263 3653 1290 3705 in
1300 3646 1438 3724 Aegyptia·

567 3747 605 3800 cis
622 3763 648 3819 p.
667 3745 708 3798 53.
732 3743 860 3796 immerito
883 3758 970 3794 arcum
991 3739 1106 3794 nominat
1128 3757 1193 3814 opus
1216 3731 1336 3812 eximium
1357 3744 1383 3790 et
1402 3735 1436 3794 ad

566 3827 733 3904 Coptitarnm
754 3825 890 3881 ecclesiam
910 3823 961 3879 vel
983 3821 1172 3880 Saracenorum
1194 3823 1345 3880 meschitam
1359 3824 1436 3900 perti-

566 3915 655 3970 nuisse
679 3920 778 3970 censet.
818 3911 922 3984 Quanta
943 3918 1030 3966 autem
1051 3909 1197 3968 differentia
1217 3913 1287 3971 inter
1306 3909 1368 3968 haec
1384 3904 1433 3968 duo

567 3997 780 4058 architectoniees
797 4015 891 4072 genera
909 3998 1024 4066 intersit,
1040 4015 1118 4070 nemo
1135 4000 1244 4072 ignorat.
