3026 4920
444 461 493 547 36

278 662 384 723 Pras!
447 651 632 720 molestiam.
677 649 826 713 Attamen
853 652 885 710 et
907 643 1106 712 commodum
1129 644 1291 733 quoddam
1313 645 1425 714 obtu-

447 767 567 838 lemna
590 762 624 823 in
647 758 792 824 conclavi
814 761 897 823 enim
919 759 975 840 (L)
999 758 1063 825 duo
1086 781 1160 826 saxa
1184 782 1202 824 e
1223 769 1310 824 tecto
1332 783 1425 846 pro-

448 881 537 963 lapsa
565 869 775 936 scribentibus
803 893 864 957 pro
894 870 1002 936 tabula
1026 882 1057 937 et
1085 870 1274 964 sellaxsunt,
1304 872 1424 939 solus-

448 1012 511 1078 que
539 989 591 1052 hic
619 983 710 1049 locus
733 986 766 1048 in
787 983 891 1048 insula
914 993 977 1062 est,
1007 987 1061 1070 qui
1083 994 1201 1069 gratam
1222 981 1320 1050 habet
1340 1008 1417 1052 urn

447 1102 550 1178 bran,
579 1119 641 1162 nec
662 1108 767 1161 tamen
788 1097 897 1160 lumini
920 1094 1121 1160 officientem.

264 1230 360 1283 Scalae
377 1229 414 1281 ad
516 1210 623 1277 Scalas
646 1211 679 1274 in
707 1211 831 1292 interna
859 1207 989 1295 pylouis
1020 1208 1071 1273 ala
1100 1210 1114 1291 (
1122 1208 1200 1289 C1)
1230 1207 1417 1274 collocatas

270 1315 403 1442 '12¹ssssssss
449 1325 490 1392 ad
512 1343 662 1390 summum
684 1321 839 1408 fastigium
867 1341 969 1408 usque
996 1319 1170 1386 ascendere
1192 1319 1280 1400 licet,
1309 1343 1416 1408 quum

269 1445 399 1496 darana.
449 1435 594 1505 omnibus
616 1434 757 1522 partibus
778 1436 855 1498 mire
875 1443 1083 1498 conservatae
1096 1436 1174 1513 sint,
1193 1457 1300 1521 neque
1320 1434 1414 1500 ullus

449 1550 530 1616 desit
553 1547 675 1636 gradus.
713 1545 870 1634 Adjacent
888 1547 927 1610 iis
943 1546 1106 1611 conclavia
1120 1546 1285 1626 nonnulla,
1308 1569 1413 1624 unuln

447 1664 539 1730 alteri
573 1663 821 1748 superpositum,
856 1659 1064 1724 sacerdotum·
1093 1658 1252 1725 domicilio
1281 1657 1317 1742 *)
1350 1660 1410 1726 vel

447 1779 531 1842 vasis
567 1771 764 1840 asservandis
799 1770 961 1837 destinata.
1018 1772 1140 1838 Lumen
1168 1769 1324 1858 praebent
1351 1793 1410 1837 an-

449 1901 537 1976 gusta
566 1888 748 1974 spiramina,
779 1906 861 1969 quae
888 1887 922 1949 in
951 1896 1080 1950 externa
1101 1896 1190 1971 parte
1212 1883 1305 1948 facile
1328 1905 1410 1948 con-

448 1975 629 2088 spiciuntur.
681 1997 797 2084 Neque
825 1999 859 2061 iu
881 1995 987 2076 scalis,
1015 2019 1121 2084 neque
1143 1999 1176 2062 in
1198 1994 1408 2062 conclavibus

444 2124 544 2178 uotae
573 2110 831 2197 hieroglyphicae
859 2109 912 2173 vel
940 2109 1001 2174 alia
1025 2121 1213 2208 §ornamenta
1242 2121 1408 2196 apparent,
1505 2101 1506 2124 ¹

447 2229 528 2290 sicut
564 2228 597 2290 in
635 2222 780 2289 omnibus
819 2221 989 2288 reconditis
1024 2222 1214 2309 templorum
1250 2221 1405 2308 partibus

371 2345 394 2369 '⁶
447 2338 607 2402 Summrun
635 2334 813 2402 aedificium
839 2337 1020 2422 projectum
1048 2337 1155 2421 cingit,
1189 2333 1406 2421 crepidinibus

447 2447 626 2536 ingentibus
656 2458 849 2526 constructa,
884 2451 1025 2534 quaein
1055 2458 1139 2514 tecto
1169 2446 1405 2514 ambulantibus

446 2563 566 2628 loricae
589 2583 679 2626 usum
702 2559 864 2647 praebent.

272 2688 411 2758 Templum
505 2677 543 2739 ln
565 2671 753 2740 occidentali
775 2674 843 2738 atrii
864 2684 953 2758 parte
976 2671 1153 2737 aedificium
1176 2683 1224 2737 est
1236 2674 1311 2754 (M),
1333 2695 1402 2761 quo

201 2873 203 2878 ι
249 2761 419 2815 ‘'“fd‘mk'
445 2787 558 2852 melius
584 2798 741 2852 servatum
776 2785 986 2872 omnibusque
1013 2783 1155 2871 partibus
1182 2789 1278 2871 magis
1312 2787 1403 2852 inco-

443 2895 529 2964 lume
564 2902 615 2964 vix
648 2898 749 2963 ullrun
783 2909 851 2964 tota
880 2881 1030 2984 begypto
1059 2901 1206 2985 reperias·
1265 2900 1400 2965 Tectum

444 3033 598 3098 nusquam
626 3011 745 3076 laesum
771 3013 937 3075 interiores
959 3022 1065 3097 partes
1088 3035 1106 3076 a
1128 3013 1225 3076 urinis
1247 3011 1399 3093 defendit,

444 3127 488 3188 ita
516 3134 552 3188 ut
579 3126 685 3188 omnia
707 3123 871 3189 conclavia
894 3123 1144 3190 commodissime
1172 3117 1251 3190 adiri
1273 3135 1305 3190 et
1326 3149 1400 3212 per-

442 3233 567 3298 lustrari
591 3246 715 3320 queant.
753 3236 837 3302 Cum
855 3237 967 3302 nullibi
990 3248 1095 3302 cetera
1118 3237 1261 3302 aedificia
1283 3249 1396 3326 tangat,

442 3346 592 3432 templum
621 3359 799 3434 separatum
828 3347 995 3414 dicendum
1025 3361 1080 3414 est.
1132 3349 1244 3415 Aditus
1272 3348 1310 3414 fit
1336 3339 1397 3438 per
1500 3381 1501 3386 ¹

440 3460 567 3544 januam
594 3459 656 3540 (ad
676 3459 720 3541 b)
750 3481 816 3526 uon
846 3460 886 3525 ab
916 3463 1011 3539 atrio,
1042 3461 1099 3526 sed
1128 3485 1147 3526 a
1176 3461 1279 3526 media
1300 3462 1394 3547 pylo-

440 3591 514 3634 num
538 3569 589 3636 ala
610 3571 696 3654 (C),
726 3595 808 3658 quae
830 3594 949 3659 paucos
971 3583 1089 3636 tantum
1111 3571 1211 3658 pedes
1234 3596 1253 3636 a
1274 3571 1390 3652 templo

440 3679 541 3750 distat.
593 3685 699 3750 danna
721 3686 780 3767 (c)
803 3681 843 3749 ab
866 3687 946 3750 atrio
968 3705 1035 3748 non
1057 3682 1099 3749 ad
1121 3681 1270 3767 templum
1290 3683 1389 3763 ipsum

439 3839 640 3852 ——-

472 3943 496 4018 ⁶)
516 3943 704 4002 Sacerdotibus
721 3943 749 3998 in
766 3944 826 4019 ipso
844 3940 936 4022 templi
953 3941 1051 4000 ambitu
1068 3941 1200 4002 domicilia
1216 3940 1312 4014 luisse,
1329 3960 1386 4000 eon·

515 4032 586 4088 icere
603 4028 666 4088 licet
683 4045 718 4087 ex
734 4026 873 4088 Heliodori
892 4027 1013 4110 Aethiop.
1031 4027 1091 4102 Vll,
1109 4033 1160 4096 11.

1497 3489 1501 3622 l
