3026 4920
1019 397 1069 472 33

109 571 226 659 bisque
258 567 439 636 videntibus
472 569 601 636 leonton
634 582 751 636 statuas
780 572 1007 658 antiquissimas
1034 577 1067 641 in
1118 588 1194 648 pm
1211 589 1231 647 1.

107 687 290 750 memoriam
322 679 521 746 reducebant
549 683 639 768 Argis
673 682 828 748 Graeciae
864 706 959 772 supra
991 707 1066 772 por-

106 810 172 862 tam
200 793 287 862 urbis
317 793 501 859 collocatas
551 793 714 860 Leonibus
742 795 807 863 duo
834 796 967 862 obelisci
988 797 1064 864 olim
1114 791 1235 878 Obeliiet.

104 911 280 996 antepositi
302 918 406 982 eraut;
429 905 555 972 alterius
576 906 748 993 fragmenta
770 912 861 974 etiam
874 931 1064 995 nuncrepe-

103 1018 245 1096 riuntur3
280 1020 361 1087 alter
392 1039 456 1082 una
484 1040 553 1082 cum
581 1018 650 1087 basi
678 1043 698 1084 a
724 1020 881 1086 Belzonio
908 1020 1062 1088 Paduano

105 1154 195 1198 anno
209 1129 490 1197 MDCCCXVIII.
504 1133 538 1196 in
552 1131 745 1198 Britanniam
761 1132 884 1198 delatus
907 1144 954 1200 est
974 1136 1063 1220 jussu

107 1256 143 1310 et
175 1245 325 1329 impensis
355 1241 493 1309 Banlrsii.
554 1243 637 1310 Cum
671 1243 805 1309 obelisci
835 1245 933 1312 latera
966 1249 1061 1333 signis
1134 1259 1138 1268 '

107 1353 355 1440 lrieroglypbicis
388 1354 509 1441 repleta
538 1358 616 1434 sint,
649 1339 798 1441 basisque
823 1359 1060 1443 inscriptionem

109 1487 255 1552 graecam
274 1470 347 1531 satis
368 1464 492 1552 lpngam
514 1466 667 1547 exhibeat,
689 1490 762 1556 spes
783 1465 886 1553 nuper
900 1481 975 1548 erat,
998 1493 1060 1535 am-

105 1578 223 1645 borum
245 1582 335 1666 quasi
353 1578 465 1664 lapidis
484 1578 631 1667 bilinguis
653 1579 1057 1674 collationemffiterarm
1105 1573 1108 1579 ’

105 1713 264 1756 sacrarum
290 1695 500 1777 cognitionem
528 1694 650 1779 egregie
679 1691 853 1777 adjuturam
881 1714 965 1760 esse:
998 1694 1057 1758 sed

104 1827 218 1890 graeca
244 1815 365 1868 tantum
392 1807 553 1898 inscriptio
576 1804 782 1870 Letronnium
823 1803 864 1885 (l.
890 1803 912 1870 l.
935 1827 967 1892 p.
991 1807 1055 1870 297

103 1919 191 2004 sqq.)
210 1918 440 2002 sagacissimum
460 1919 662 2002 interpretem
683 1928 776 1981 nacta
798 1927 860 1992 est3
877 1915 970 2001 ¹signa
991 1918 1056 1982 hie-

103 2028 291 2116 roglypbica
318 2031 372 2115 qui
401 2028 584 2114 explicaret,
610 2049 705 2093 nemo
728 2031 790 2093 buc
810 2005 911 2114 usque
935 2031 1057 2106 exstitit,

105 2144 247 2228 quamvis
269 2141 313 2206 St.
336 2141 490 2206 Martinus
519 2150 552 2204 et
574 2139 801 2226 Champollion
828 2144 931 2207 minor
953 2140 1057 2206 decla-

104 2262 224 2330 ranmt,
245 2250 378 2318 obelisci
398 2273 503 2316 sacras
525 2251 631 2316 literas
646 2252 821 2318 Ptolemaei
842 2274 959 2326 nomen
981 2275 1056 2317 con-

106 2367 221 2442 tinere,
248 2385 354 2451 neque
377 2361 505 2428 dubium
528 2384 611 2442 asse,
641 2366 717 2452 quin
743 2366 903 2451 petitionis
924 2385 1055 2450 graecae

105 2479 394 2561 interpretationem
417 2477 630 2562 aegyptiacam
653 2475 843 2541 exhiberent.

170 2589 297 2654 Graeca
327 2585 463 2674 obelisci
493 2589 654 2672 inscriptio
686 2590 855 2653 memoriae
887 2586 981 2652 tradit
1007 2609 1055 2650 sa·
1079 2589 1253 2674 Samdofum

102 2702 268 2768 cerdotum
295 2698 485 2764 Philensium
511 2721 637 2786 preces,
667 2721 744 2786 quas
775 2702 842 2785 regi
868 2698 1053 2762 Ptolemaeo
1105 2667 1223 2730 sagano.

102 2816 252 2900 Evergoti
274 2813 313 2876 ll.
336 2810 411 2877 olim
433 2809 615 2888 attulerant,
636 2821 672 2874 ut
692 2810 900 2875 liberarentur
921 2832 941 2873 a
961 2831 1054 2872 vexa-

105 2925 243 2993 tionibus
269 2922 501 3010 praefectorum
530 2933 561 2987 et
587 2921 725 2988 militum.
782 2924 898 2987 Mirum
927 2918 1054 3005 quibus-

108 3037 179 3103 dam
199 3035 372 3112 videbitur,
395 3032 483 3119 quod
506 3032 649 3100 obelisco
667 3037 813 3121 inscripta
838 3044 885 3098 est
906 3030 1053 3097 sacerdo

107 3161 172 3215 tum
193 3151 328 3234 rogatio,
357 3149 407 3210 cui
428 3143 659 3210 inscribendum
680 3148 785 3232 potius
815 3154 881 3210 erat
901 3146 982 3229 regis
1004 3163 1053 3206 re-

106 3283 273 3349 sponsum,
293 3257 351 3323 sed
374 3268 405 3322 et
426 3258 508 3321 hanc
529 3255 744 3322 difficultatem
765 3259 898 3322 removit
919 3257 1053 3319 Latron-

103 3378 176 3442 nius
192 3375 275 3458 (pag.
290 3371 377 3454 337.)
392 3370 451 3433 hac
464 3371 628 3455 proposita
649 3371 816 3434 sententia:
837 3389 943 3455 regem
956 3368 990 3431 irr
1004 3387 1053 3429 re-

103 3506 228 3574 sponso
245 3481 426 3551 satisfecisse
440 3479 586 3570 precibus
600 3479 806 3558 sacerdotum,
826 3481 870 3545 ita
884 3489 995 3553 tamen,
1009 3486 1052 3555 ut,

104 3598 301 3684 rogationem
322 3595 506 3680 respiciens,¹
519 3592 640 3678 singula
662 3613 807 3678 quaeque
821 3611 889 3656 non
901 3609 1053 3652 memora-

108 3711 192 3788 verit,
211 3705 395 3774 sacerdotes
415 3708 508 3790 igitur
523 3717 555 3770 et
569 3707 811 3789 rogationem
834 3711 867 3766 et
886 3720 1052 3786 respon-

112 3843 186 3884 sum
205 3821 303 3884 literis
318 3817 497 3893 mandasse;
519 3817 615 3902 idque
637 3837 831 3901 responsum,
854 3837 922 3877 cunr
945 3816 976 3876 in
992 3811 1052 3874 alia

112 3935 298 3999 monumenti
324 3942 414 4018 parte
442 3929 494 3994 vel
522 3927 635 3994 aliurbi
650 3929 841 4005 sexS‘titisset,
878 3936 930 3990 aut
956 3923 1051 4010 plane
