3026 4920
996 461 1043 536 31

94 640 176 706 deae
201 636 341 716 obstant,
379 657 462 723 quae
492 637 581 722 aquis
610 633 855 701 tumescentibus
884 634 1046 718 obtectae,
1099 634 1213 694 Pausi

91 755 253 818 maximam
277 760 398 837 partem
426 747 553 812 ablatae
574 759 660 824 sunt;
690 769 758 814 nun
779 747 909 814 multrnn
932 748 1047 816 distant

90 887 109 930 a
131 868 225 951 janua
246 864 369 950 postica
393 882 431 924 ex
454 863 605 946 opposito
628 863 661 923 in
682 859 789 939 Philis‚
812 875 894 947 quae
911 887 948 929 ex
964 886 1047 952 aqua

90 981 233 1054 eminet‚-
248 973 383 1040 navibus
414 971 611 1059 appellandis
634 971 760 1038 idonea.
811 973 891 1040 lnde
913 999 931 1042 a
954 977 1053 1042 scalis

90 1090 167 1155 olim
194 1091 277 1152 viam
304 1086 453 1150 munitam
482 1083 523 1151 ad
556 1084 707 1171 templum
738 1090 941 1174 pertinuisse,
975 1111 1046 1154 eum

89 1225 159 1268 nun
187 1199 300 1284 fugiet,
329 1199 384 1283 qui
405 1207 637 1262 caementorum
660 1217 755 1261 arena
776 1219 879 1285 paene
903 1199 1047 1268 obtecto-

92 1335 162 1378 rum
207 1312 396 1396 positionem
435 1319 579 1374 accurate
616 1307 828 1395 perpenderit.
887 1311 1046 1379 Sacellum
1097 1319 1206 1396 ejusque

96 1429 198 1510 ipsum
219 1420 381 1508 paruulum
402 1420 506 1500 fuisse,
529 1421 744 1487 columnarum
765 1423 889 1488 modica
911 1425 1045 1492 altitudo
1087 1392 1233 1452 sacellum„

98 1534 227 1623 prohat,
256 1533 365 1598 decern
391 1533 456 1598 vel
471 1533 639 1598 duodecim
666 1533 765 1620 pedes
787 1553 861 1600 ¹non
883 1557 1044 1623 superans.

96 1648 225 1713 Statuas
251 1647 385 1730 ingentis
412 1645 628 1730 magnitudinis
656 1645 826 1733 fragmenta
860 1667 955 1714 arena
988 1648 1046 1714 oh

97 1759 191 1826 ducta
218 1779 322 1845 prope
345 1755 494 1843 templum
515 1743 735 1837 offenduntui‚
764 1763 886 1846 priscae
906 1759 1046 1848 magnifi-

95 1875 216 1938 centiae
242 1871 453 1936 testimonium
476 1869 684 1936 clarissimunl.
735 1871 907 1937 Belzonius
930 1883 1046 1941 atem-

92 1985 150 2074 plo
178 1982 339 2048 meridiem
366 2003 479 2046 versus
506 1981 650 2068 sepulcra
680 1982 814 2048 anobis
835 2006 903 2050 nou
924 1988 1046 2050 visitata

91 2099 227 2174 invenit,
260 2116 341 2182 quae
377 2115 446 2158 cum
479 2093 571 2160 simili
603 2093 678 2160 loco
708 2092 864 2161 Thebano
897 2099 931 2161 in
963 2117 1044 2185 pago

92 2209 207 2275 Grnnu
226 2187 389 2273 contendit
402 2205 447 2290 *).

160 2317 293 2384 Duabus
322 2317 431 2383 sacelli
458 2321 538 2383 antis
567 2319 730 2402 impositus
761 2330 809 2384 est
838 2342 928 2385 arcus
948 2321 1046 2387 forni-
1118 2327 1193 2398 Opas

95 2443 193 2511 catus,
216 2430 257 2498 dc
281 2452 345 2518 quo
369 2429 499 2515 amplius
515 2427 731 2528 disserendum
754 2419 809 2496 est
846 2432 968 2499 Multos
989 2432 1045 2498 ille
1057 2399 1255 2526 ,mg-2⁰2⁴&

95 2523 287 2609 uiatores'in
310 2563 449 2607 errorem
470 2539 599 2618 induxit,
624 2544 678 2626 qui
699 2541 858 2610 veteribus
880 2545 1045 2632 Aegyptiis

97 2657 202 2742 operis
235 2655 381 2720 fornicati
415 2653 501 2738 leges
528 2637 702 2720 innotuisse
729 2653 790 2720 sihi
816 2669 1043 2742 persuaserant

94 2767 276 2845 Belzonius,
298 2763 486 2831 observator
507 2777 625 2844 acutus,
645 2768 738 2854 hujus
761 2789 851 2832 arcus
872 2781 1046 2856 conspectu

96 2879 261 2966 deceptus,
289 2888 402 2965 postea
430 2879 463 2942 in
490 2875 671 2942 Thebarum
698 2880 865 2967 necropoli
892 2881 1044 2946 fornicem

96 2993 251 3056 invenisse
272 2971 334 3055 sihi
354 2993 439 3056 visus
462 2998 510 3053 est
523 2986 588 3070 ss),
626 2991 846 3077 Pervestigatis
868 2995 949 3058 enim
963 3014 1044 3060 non·

99 3100 192 3166 nuhis
219 3103 374 3188 hypogeis
397 3100 437 3165 ad
459 3122 572 3188 pagum
593 3099 719 3182 Guma,
748 3125 856 3168 eorum
883 3107 1043 3171 introitum

98 3223 272 3298 repererat,
302 3235 363 3301 qua
391 3222 480 3306 parte
508 3215 608 3278 minus
635 3211 756 3279 firmus
771 3214 937 3282 videbatur
963 3216 1042 3304 lapis

62 3341 67 3352 '
98 3323 267 3402 calcatius,
294 3346 391 3410 opere
412 3325 567 3390 fornicato
589 3327 747 3390 munitum.
799 3327 898 3413 Quod
920 3349 989 3392 cum
1010 3331 1043 3392 in

94 3435 290 3520 paucissimis
312 3437 464 3522 hypogeis
486 3437 601 3501 lactum
623 3440 676 3516 sit,
704 3458 764 3524 pro
793 3450 879 3504 certo
907 3450 1044 3505 statuen-

96 3544 169 3612 dum
190 3521 265 3624 lest,
289 3544 394 3641 'talem
426 3551 587 3614 introitum
615 3553 792 3615 recentiore
826 3561 968 3638 tempore
1002 3549 1043 3614 ad

18 3659 23 3668 “
95 3655 331 3726 restaurandum
352 3680 434 3746 opus
456 3659 612 3746 adjectum
635 3683 713 3727 esse.
764 3660 839 3728 nno
863 3661 1042 3730 Thebarum

134 3916 161 3986 *)
175 3917 310 3996 Narratiue
328 3917 360 3978 oi
372 3919 417 3978 the
436 3918 601 3997 Operatione
621 3941 648 3998 p.
664 3923 724 3978 nus.

136 4001 167 4073 '‘)
183 4003 288 4065 Belnoni
305 4005 322 4064 l
341 4007 358 4064 l.
376 4027 403 4086 p.
423 4009 475 4080 116
492 4024 550 4084 sqq.

626 4176 644 4214 Ο
