3000 4908
986 403 1036 476 95

7 571 9 626 t
76 587 203 654 πονο
225 582 282 650 νον
304 575 537 668 καταράκτας
559 579 615 644 κα
637 573 758 669 πνοὴν
782 579 964 643 matam«
1002 579 1036 644 st
1084 589 1158 647 naa
1177 589 1210 648 n.

75 701 180 764 lacum
203 699 349 762 Maeotin
373 704 405 758 et
427 690 494 756 Nili
517 700 687 756 cataractas
711 690 821 756 eadem
844 691 928 756 coeli
942 691 1036 778 plaga

75 814 254 887 constituit,
291 805 405 873 Suidas
436 802 476 868 ad
504 815 641 874 mentem
668 814 811 868 veterum
840 804 1037 891 geographo-

73 947 161 1000 rum,
190 933 305 986 terram
333 917 432 982 multo
455 919 550 1002 magis
579 919 611 982 in
637 915 864 1002 longitudinem
888 938 981 1003 quam
1002 921 1036 982 in

72 1031 274 1100 latitudinem
297 1041 475 1118 porrectam
498 1051 582 1107 esse,
607 1031 766 1093 existimat.
804 1029 894 1094 Duas
917 1040 1036 1094 tantum

72 1147 188 1234 plagas
211 1153 446 1222 commemorat,
477 1144 631 1206 orientem
661 1150 692 1205 et
719 1139 930 1219 occidentem,
961 1142 1038 1206 alte-

78 1281 144 1323 ram
173 1259 264 1321 terris
295 1277 373 1342 quas
400 1253 499 1320 modo
527 1251 657 1341 diximus
681 1252 877 1331 conclusam,
908 1253 1038 1340 alteram

79 1369 215 1436 Oceano
243 1371 315 1454 ipso
339 1371 541 1433 terminatam.
593 1366 710 1451 Neque
740 1365 875 1430 alienum
903 1365 1037 1445 videtur,

80 1483 128 1548 Fl.
152 1483 288 1566 Josephi
311 1482 521 1544 testimonium
544 1477 585 1542 de
606 1479 748 1564 Aegypti
773 1477 891 1543 finibus
914 1479 1038 1558 afferre,

78 1595 175 1661 Bello
197 1591 273 1656 Jud.
297 1592 354 1668 IV,
378 1592 429 1654 10.
460 1587 648 1674 ,Αἴγυπτος
676 1625 719 1638 -
747 1584 833 1657 κατὰ
855 1591 889 1656 δὲ
911 1611 1038 1676 μεσημ-

79 1708 180 1796 βρίαν
201 1697 263 1784 τὴν
285 1701 499 1790 διορίζουσαν
521 1694 588 1766 ἀπὸ
610 1697 793 1770 Αἰθιόπων
814 1696 875 1784 τὴν
896 1697 1039 1783 Συήνην

78 1823 145 1886 καῖ
170 1811 248 1894 τοὺς
281 1809 453 1892 ἀπλώτους
486 1813 548 1879 τοῦ
574 1817 727 1901 ποταμοῦ
755 1809 966 1905 καταράκτας
994 1851 1037 1863 -

78 1933 172 2015 §pm
452 2001 454 2008 γ
1076 1927 1218 1981 Aristides.

64 2059 67 2064 ·
150 2042 278 2120 Omnes,
302 2064 384 2128 quos
408 2061 555 2126 supremo
579 2040 654 2108 loco
677 2042 882 2120 laudavimus,
906 2045 1039 2130 scripto-

79 2177 133 2220 res
156 2154 288 2220 aliorum
316 2157 528 2220 narrationem
552 2154 592 2219 de
616 2156 756 2244 Aegypti
779 2156 925 2222 confiniis
946 2179 1038 2242 repe-

79 2279 165 2346 tunt,
192 2271 309 2354 primus
340 2279 458 2346 autem,
482 2269 536 2354 qui
557 2280 632 2354 post
654 2268 855 2335 Strabonem
872 2263 1037 2347 αὐτόπτης

80 2385 227 2468 regiones
257 2379 327 2446 illas
356 2379 535 2466 descripsit,
559 2381 716 2446 Aristides
747 2393 794 2446 est
819 2384 929 2447 rhetor
951 2383 1036 2463 (129

81 2496 197 2560 -189
220 2518 250 2580 p.
268 2493 327 2559 Ch.
343 2495 390 2573 n.)
413 2496 446 2557 in
462 2497 606 2558 oratione
621 2494 766 2558 XLVIII.
782 2496 979 2581 Aegyptiace
992 2492 1035 2575 *).

81 2607 148 2694 Qui
177 2629 246 2670 cum
276 2605 317 2671 de
347 2628 382 2671 se
409 2609 480 2692 ipso
510 2607 593 2672 haud
622 2630 723 2694 pauca
753 2607 850 2685 dicat,
885 2609 1037 2672 orationis

80 2723 170 2786 initio
192 2722 295 2806 jactat,
317 2739 352 2783 se
373 2720 554 2805 Aegyptum
575 2731 687 2806 quater
707 2741 891 2807 peragrasse
914 2742 1039 2786 omnes-

82 2855 145 2921 que
179 2853 339 2897 mensuras
374 2830 516 2900 nondum
549 2831 637 2896 libris
665 2836 863 2919 consignatas
892 2844 1037 2898 accurate

82 2971 100 3010 a
134 2943 354 3010 sacerdotibus
392 2942 573 3029 collegisse,
613 2966 690 3030 quas
728 2956 842 3031 postea
873 2967 1038 3011 servorum

82 3061 202 3122 incuria
241 3061 386 3124 amiserit.
445 3059 528 3122 Tum
567 3067 635 3122 tota
675 3061 821 3124 oratione
860 3058 937 3123 nihil
969 3059 1038 3123 fere

83 3170 170 3234 aliud
191 3181 316 3248 tractat,
338 3173 399 3234 nisi
420 3171 555 3234 fluminis
577 3181 720 3235 naturam
744 3183 775 3235 et
796 3170 952 3251 indolem,
974 3173 1040 3262 He-

83 3279 207 3357 rodoti,
241 3279 377 3367 Ephori,
415 3281 548 3346 aliorum
584 3287 752 3370 opiniones
787 3285 910 3371 prolixe
944 3283 1039 3348 refel-

82 3391 171 3464 lens3
191 3425 231 3439 -
254 3393 295 3456 de
317 3391 492 3456 incolarum
513 3395 662 3476 moribus,
685 3396 726 3461 de
748 3399 884 3474 historia,
909 3396 948 3461 de
972 3419 1039 3462 mo-

80 3505 255 3580 numentis,
288 3503 330 3568 de
364 3504 459 3572 rebus
493 3511 723 3596 geographicis,
757 3521 884 3595 praeter
915 3508 1038 3572 urbium

80 3613 306 3682 nonnullarum
351 3622 540 3686 mentionem
586 3601 690 3708 pauca
729 3621 821 3686 affert
863 3633 1039 3688 memoratu

82 3729 184 3815 digna.
239 3729 292 3796 De
320 3732 461 3820 Aegypti
488 3733 605 3800 finibus
633 3734 811 3799 meridianis
846 3733 1039 3800 fructuosam

82 3887 283 3901 Μ

116 3973 143 4044 *)
162 3975 191 4030 in
208 3974 343 4032 Dindorlii
362 3975 424 4032 edit.
443 3976 476 4045 ll,
494 3997 522 4054 p
539 3981 592 4034 437
610 3999 668 4056 sqq.
698 3973 703 3986 ’
