3026 4920
446 487 497 559 38

485 639 489 649 t

448 660 490 743 d)
523 664 606 726 inter
639 669 785 725 notarum
818 675 978 722 sacramm
1020 653 1219 743 iarmginem
1271 655 1437 745 elephanti

449 795 580 860 quoque
601 773 767 856 imaginem
783 772 940 835 continet.
981 767 1172 835 Ornamenti
1197 774 1315 836 instar
1338 773 1375 835 in
1396 779 1434 835 ta-

448 885 524 951 bula
561 894 609 949 est
644 882 803 969 depictus,
840 903 934 969 quam
963 902 1041 946 anus
1071 882 1240 970 quaedam
1271 884 1359 950 Deo
1388 881 1431 947 vel

448 999 515 1084 regi
538 995 635 1062 oflert
654 993 700 1077 *).
746 996 826 1060 Tam
850 1017 948 1082 parva
972 1005 1075 1061 autem
1099 1005 1132 1060 et
1153 995 1369 1062 abscondita
1393 1003 1423 1060 cti

449 1113 567 1196 imago,
597 1117 633 1173 ut
661 1111 753 1174 etiam
783 1107 1016 1196 diligentiorum
1045 1107 1159 1173 oculos
1183 1109 1295 1174 facile
1320 1110 1427 1196 fugiat

448 1241 555 1308 neque
586 1223 654 1310 ejus
682 1224 874 1288 mentionem
910 1219 1100 1300 faceremus,
1134 1224 1197 1286 uisi
1236 1222 1319 1289 sola
1352 1229 1429 1288 esset
1479 1267 1481 1299 ,

450 1333 612 1419 elephanti
639 1338 742 1422 imago
765 1344 828 1400 tam
851 1337 884 1397 in
906 1331 1003 1396 Philis
1025 1332 1142 1413 insula,
1172 1357 1280 1421 quam
1304 1339 1342 1401 in
1365 1343 1426 1400 tota

449 1449 601 1534 Aegypto
626 1458 657 1513 ct
671 1444 795 1523 Nubia3
819 1447 878 1511 etsi
899 1463 967 1510 non
989 1466 1146 1532 negemus,
1168 1449 1203 1512 in
1220 1451 1425 1514 accuratiore

452 1559 643 1646 templorum
664 1561 917 1647 perscrutatione
940 1557 1016 1622 alias
1039 1561 1172 1646 reperiri
1194 1583 1314 1648 posse.
1370 1556 1421 1624 Ol-

450 1672 624 1739 lenduntur
647 1671 775 1759 quidem
797 1674 830 1736 in
853 1672 922 1737 aliis
945 1669 1068 1757 templis
1092 1674 1296 1758 aegyptiacis
1323 1685 1420 1739 etnu-

450 1784 623 1865 biensibus,
646 1781 686 1849 ad
709 1805 809 1872 pagos
824 1783 1025 1862 Kababschc,
1047 1783 1278 1878 Medinat-abu
1303 1795 1419 1852 cteta
1473 1853 1475 1881 3

449 1898 546 1964 bulae
568 1895 828 1984 hieroglyphicae
851 1908 978 1985 praeter
1000 1900 1142 1983 captivos
1165 1900 1321 1966 animalia
1346 1901 1417 1986 quo
1471 1893 1473 2016 i

451 2033 514 2097 que
545 2033 583 2076 ox
612 2009 692 2075 belli
720 2009 840 2097 praeda
870 2007 924 2076 ob‘
938 2009 1052 2076 oculos
1074 2021 1249 2096 ponentes:
1280 2013 1416 2086 leonem,
1471 2022 1474 2073 f

450 2127 584 2200 simiam,
614 2122 837 2204 struthionem,
868 2123 1039 2210 antilopam
1068 2133 1100 2188 et
1129 2123 1204 2199 alia;
1232 2159 1282 2174 --
1313 2138 1413 2191 tamen

450 2240 533 2301 inter
562 2236 642 2300 haec
669 2255 823 2322 nusquam
853 2234 1054 2322 elephantum
1077 2234 1186 2300 videre
1208 2242 1413 2310 meminimus,

452 2350 539 2436 cujus
575 2367 613 2414 ex
648 2350 799 2414 interiore
828 2348 935 2414 Africa
971 2350 1136 2414 notionem
1164 2345 1207 2412 ad
1232 2350 1412 2438 Aegyptios

451 2461 635 2548 pervenisse
664 2479 797 2526 necesse
827 2472 884 2526 est.
936 2460 1052 2546 Neque
1080 2463 1182 2526 minus
1204 2461 1411 2529 memorabile
1464 2446 1468 2501 Ι

452 2584 514 2651 est,
544 2592 699 2659 nusquam
728 2575 761 2639 in
788 2571 904 2638 tabulis
933 2573 1123 2660 templorum
1146 2573 1258 2640 cameli
1280 2579 1412 2643 formam
1465 2582 1468 2593 '

449 2691 601 2772 integram
623 2689 762 2772 reperiri,
790 2707 884 2773 quem
906 2687 1076 2772 antiquitus
1099 2689 1132 2750 in
1155 2687 1309 2774 Aegypto
1333 2693 1411 2754 inter

452 2797 597 2864 animalia
626 2797 798 2865 domestica
827 2798 924 2864 luisse
952 2809 1084 2864 constat.
1135 2799 1172 2863 ln
1200 2801 1409 2868 monumentis

450 2911 582 2978 Meroua
604 2910 735 2991 insulae,
759 2913 809 2977 cui
831 2932 917 2976 nunc
942 2911 1085 2981 Seunaar
1106 2933 1233 2991 nomen,
1254 2935 1323 2980 non
1345 2925 1408 2980 tan-

451 3037 515 3090 tum
540 3023 725 3110 elephantos
748 3025 846 3103 solos,
869 3024 927 3090 sed
950 3028 1042 3090 etiam
1059 3047 1129 3091 cum
1144 3025 1324 3092 hominihus
1346 3047 1409 3092 cer·
1464 2998 1467 3023 Ι

451 3145 554 3201 tantes
579 3136 723 3223 depictos
748 3159 817 3206 csse
839 3150 968 3204 narrant
989 3141 1142 3219 viatores,
1174 3138 1287 3227 quibus
1309 3141 1409 3225 regio·

450 3269 509 3313 nes
531 3247 602 3314 illas
625 3261 762 3315 remotas
786 3250 873 3316 adire
897 3249 1022 3340 optigit,
1050 3254 1134 3318 iuter
1162 3275 1244 3340 quos
1267 3252 1408 3316 amiciss'r

451 3383 535 3424 mum
557 3361 732 3448 Augustum
754 3366 870 3430 Linant
892 3363 1104 3444 nominamus
1130 3367 1185 3451 qui
1208 3365 1409 3430 certaminum

451 3471 682 3542 delineationes
711 3477 910 3543 nitidissimas
939 3499 1051 3564 magna
1077 3481 1223 3543 comitate
1245 3476 1411 3540 nobiscum

452 3589 699 3655 communicavit

257 3722 285 3766 ιι
304 3713 421 3766 ratiarnam
519 3700 602 3766 Cum
624 3703 685 3788 jam
709 3699 750 3766 dc
771 3700 950 3764 animalium
966 3697 1149 3785 imaginibus
1164 3714 1270 3760 sermo
1285 3693 1331 3769 sit,
1355 3683 1404 3750 ad·
1460 3666 1468 3915 1

258 3783 428 3838 animalium.
451 3812 621 3908 figendum
644 3815 735 3877 etiam
757 3811 890 3886 videtur,
914 3807 1033 3896 duplici
1054 3809 1152 3874 modo
1176 3829 1230 3872 aas
1245 3823 1402 3894 expressas

484 4049 509 4120 ‘)
529 4045 593 4105 Tib:
613 4041 644 4100 ll.
662 4039 747 4100 torma
767 4045 792 4097 7.
