3000 4908
1000 465 1047 538 91

89 653 158 722 „tra
178 637 335 717 dividitur,
354 631 484 722 ἄβατον
498 634 615 704 Graeci
632 647 757 716 vocant,
775 657 881 723 neque
894 636 980 703 illam
991 637 1050 707 ulli
1097 645 1172 707 Pms
1189 651 1222 710 u

88 756 170 834 „nisi
205 753 357 818 antistites
392 748 529 825 calcantr
564 747 621 814 illa
653 751 786 835 primum
821 771 895 813 saxa
924 761 1050 818 auctmn

89 867 247 947 „fluminis
280 867 427 929 sentiunt.
483 863 563 928 Post
595 880 739 947 magnum
767 860 883 926 deinde
916 866 1051 948 spatium

89 979 178 1059 „duo
202 981 339 1044 eminent
361 975 493 1062 scopuli,
516 974 583 1042 Nili
605 996 702 1038 venas
723 985 842 1038 vocant
854 975 989 1055 incolae,
1012 1000 1051 1042 ex

91 1091 228 1178 „quibus
249 1111 361 1176 magna
382 1092 430 1152 vis
452 1085 602 1164 funditur,
624 1108 691 1152 non
713 1096 819 1150 tamen
842 1098 959 1173 quanta
974 1110 1052 1176 ope-

90 1207 173 1285 „rire
202 1213 311 1290 posset
332 1201 523 1286 Aegyptum.
576 1201 612 1263 ln
635 1200 715 1264 haec
736 1220 794 1262 ora
814 1202 928 1286 stipem
949 1224 1052 1267 sacer-

92 1314 205 1396 „dotes
235 1326 266 1381 et
296 1336 391 1380 aurea
414 1311 500 1394 dona
521 1310 687 1398 praefecti,
717 1331 786 1374 cum
808 1310 943 1378 solenne
964 1318 1052 1382 venit

94 1429 417 1513 „sacrum‚jaci1mt.“
463 1455 465 1458 ·

159 1539 209 1604 Ex
232 1561 295 1627 qua
319 1539 531 1625 descriptione
553 1535 647 1601 facile
673 1535 870 1624 intelligitur,
897 1539 1051 1606 Senecam

93 1657 205 1740 ipsum,
228 1674 415 1744 quamquam
439 1653 618 1735 suspicante
633 1651 664 1714 J.
681 1651 790 1736 Lipsio
814 1651 861 1730 (in
875 1653 939 1716 vita
953 1652 1052 1721 Sene-

93 1787 151 1830 cae
175 1789 201 1830 e.
224 1767 287 1847 V.)
309 1767 491 1850 Aegyptum
513 1764 662 1840 visita'vit,
690 1785 796 1848 neque
818 1765 968 1830 interiora
991 1773 1053 1830 ter·

93 1901 166 1954 rae,
211 1900 316 1962 neque
360 1876 442 1942 lines
480 1875 668 1961 Aethiopiae
712 1874 882 1961 Philasque
917 1876 1052 1942 insulam

97 1988 220 2052 adiisse.
271 1991 402 2056 Minime
432 1991 513 2053 enim
542 1986 635 2052 Nilus
664 1989 745 2052 cirea
768 1987 873 2052 Philas
903 2009 941 2052 ex
969 2011 1050 2075 vago

98 2112 129 2165 et
154 2110 276 2166 errante
300 2098 464 2185 colligitur,
490 2098 556 2177 sed,
579 2103 634 2186 qui
657 2111 749 2163 antea
764 2121 837 2164 uno
862 2110 893 2166 et
915 2081 1075 2168 indiviso

95 2212 265 2279 incedebat
296 2213 404 2292 alveo,
439 2215 502 2279 hoc
530 2213 605 2277 loeo
634 2215 667 2275 in
696 2211 787 2297 plura
816 2209 968 2279 scinditur
993 2215 1053 2280 tlu-

95 2329 194 2403 mina,
222 2336 388 2413 antequam
417 2329 450 2389 in
481 2335 666 2390 cataractam
689 2345 759 2388 sese
782 2327 927 2403 immittit,
956 2339 1051 2412 atque

96 2449 226 2504 eatenus
249 2438 419 2503 Salmasius
449 2438 548 2519 (Plin.
580 2459 679 2502 exerc.
710 2460 740 2522 p.
771 2437 844 2501 419.
876 2436 936 2516 C.)
964 2448 1051 2506 recte

95 2551 275 2629 affirmavit,
304 2551 457 2615 Senecam
479 2550 616 2615 Meroen
637 2553 678 2614 ‘et
700 2548 805 2614 Philas
836 2549 954 2616 insulas
977 2573 1053 2618 oon·

95 2662 229 2737 fudisse;
253 2666 371 2749 quippe
393 2662 434 2727 ad
450 2662 589 2727 Meroiin
611 2661 676 2726 duo
700 2665 893 2726 conveniunt
911 2663 1050 2730 flumina.

96 2777 180 2862 Qms
203 2786 308 2840 autem
329 2778 457 2840 omnino
473 2776 616 2840 Senecae
638 2777 811 2838 narrationi
826 2773 975 2855 confidat,
998 2780 1053 2864 qui

96 2893 129 2954 in
157 2887 254 2964 rebus
282 2891 360 2953 tanti
386 2885 537 2953 momenti
563 2891 595 2951 in
628 2907 767 2952 errorem
789 2887 985 2952 manifestum
1006 2892 1053 2954 in-

98 3002 201 3067 cidat?
228 3000 305 3087 quid
327 3001 387 3066 sibi
409 3002 509 3066 velint
530 3001 597 3066 Nili
618 3022 735 3077 venae,
757 3021 894 3085 magno
919 3003 1051 3086 spatio

97 3114 137 3179 ab
159 3114 263 3180 insula
284 3113 390 3180 Abato
414 3114 549 3190 divisae,
578 3135 670 3200 aegre
692 3113 829 3200 perspici
852 3122 971 3198 potest,
993 3115 1054 3176 nisi
1159 3094 1161 3098 ¹

99 3247 156 3289 eae
180 3225 219 3288 ad
242 3225 401 3291 Herodoti
428 3235 553 3290 montes
575 3225 700 3311 Krophi
723 3234 755 3288 et
776 3225 891 3310 Mophi
913 3223 1054 3290 referun-

100 3343 165 3408 tur3
188 3341 267 3400 sacri
289 3335 485 3402 adumbratio
509 3359 546 3400 ex
561 3337 709 3404 Diodoro
733 3336 842 3402 Siculo
865 3338 902 3417 (l,
925 3338 978 3402 22.
1003 3336 1052 3402 ed.

98 3447 265 3526 Wessel.)
288 3447 452 3535 desumpta
472 3449 606 3516 videtur.
657 3451 832 3516 Notionem
859 3470 990 3536 quoque
1013 3448 1054 3516 de

97 3559 197 3624 Philis
219 3560 323 3624 insula
344 3572 376 3626 et
397 3561 503 3628 ribato
527 3561 674 3628 alicunde
689 3562 907 3648 depromptam
924 3572 956 3626 et
971 3560 1055 3629 male

96 3660 305 3753 intellectam,
342 3677 438 3762 magis
477 3674 517 3740 ad
554 3676 621 3740 Nili
658 3675 901 3760 descriptionem
938 3673 1053 3740 sedulo

99 3784 326 3865 exornandam,
363 3811 457 3874 quam
490 3786 533 3852 ad
564 3799 709 3852 accurate
744 3785 950 3872 designandas
983 3783 1055 3852 illas

97 3901 245 3982 regiones
273 3899 523 3984 Quaestionihus
552 3899 746 3966 naturalibus
775 3902 940 3966 immixtam
967 3910 1056 3988 puta-

4 4051 8 4069 ,
97 4031 181 4086 mus;
216 4010 435 4096 descriptionis
471 4015 552 4076 enim
585 4014 684 4078 series
719 4035 756 4078 ex-
788 4015 872 4078 veris
905 4011 1055 4098 falsisque
1138 4083 1141 4087 ⁸
