3000 4908
1007 521 1082 594 67*

94 710 127 772 in
150 706 301 788 Aegypto
326 711 359 765 et
378 701 413 763 irr
432 695 540 762 Nubia
561 699 689 762 inventa
713 707 826 776 essent,
849 695 964 782 quibus
988 699 1057 784 opi·
1104 709 1177 767 Pras
1196 711 1227 768 lt.

93 822 209 885 niones
233 824 326 878 antea
348 811 494 896 vulgatae
516 808 647 875 multum
670 821 837 876 mutantur.

163 927 365 1012 Antiquitatis
389 925 558 1010 scriptores
582 922 622 986 ad
639 919 813 988 Thebaidis
835 923 1055 1008 geographiam

96 1036 326 1107 emendandam
355 1057 425 1100 curn
452 1034 730 1122 perlustraremus,
762 1035 870 1122 fugere
900 1058 960 1100 nos
987 1057 1055 1102 non

95 1154 216 1242 potuit,
245 1159 442 1236 quantopere
472 1147 586 1234 singuli
616 1149 802 1212 auctoritate
833 1145 997 1212 differrent
1022 1150 1055 1211 in

95 1265 194 1332 rebus
216 1263 441 1348 geographicis,
464 1279 527 1348 qua
540 1263 574 1324 in
588 1282 624 1324 re
640 1280 707 1325 non
728 1261 818 1348 parvi
836 1270 883 1324 est
896 1263 1056 1338 momen-ti,

100 1388 211 1443 statum
234 1385 394 1452 terrarum,
417 1373 518 1462 qualis
540 1372 637 1438 hodie
661 1349 799 1457 apparet,
823 1393 893 1436 cum
913 1384 1058 1438 veterum

102 1493 287 1576 scriptorum
319 1484 552 1552 narrationibus
586 1505 779 1570 comparare.
837 1485 939 1549 Tanta
974 1488 1055 1549 enim

99 1613 148 1668 est
178 1601 331 1665 dissensio
360 1601 444 1664 inter
470 1602 573 1685 ipsos,
593 1599 684 1684 ¹,quos
712 1617 877 1676 vocamus,
906 1595 1055 1662 classicos

98 1717 286 1798 scriptores,
316 1721 351 1776 ut
372 1713 440 1776 sirie
462 1720 561 1775 status
589 1711 764 1796 praesentis
794 1711 974 1795 cognitione
1002 1731 1057 1773 ve-

98 1845 170 1892 rum
192 1847 284 1912 aegre
312 1825 380 1889 erui
406 1825 515 1910 possit.
567 1819 641 1908 Qua
670 1822 711 1886 de
734 1839 844 1886 caussa
867 1823 1056 1908 geographia

100 1940 229 2023 antiqua
250 1940 383 2001 maximo
407 1957 532 2023 semper
553 1935 669 2022 gaudio
692 1933 786 2000 nobis
808 1934 875 2013 fuit,
897 1947 967 1999 cum
989 1957 1056 2000 non

98 2050 206 2116 solum
233 2048 274 2114 ad
302 2051 473 2134 scriptores
494 2046 578 2112 bene
604 2046 827 2133 intelligendos
851 2069 945 2134 opem
967 2047 1057 2126 ferat,

101 2184 224 2249 eosque
245 2163 415 2227 innumeris
437 2159 516 2226 locis
540 2153 687 2228 emendet
703 2171 734 2224 et
749 2169 870 2246 purget,
892 2159 1056 2225 sedetiam

101 2299 119 2341 a
138 2284 221 2340 statu
242 2273 400 2339 hodierno
422 2273 577 2340 illustrata
600 2295 736 2360 eumque
757 2281 867 2336 mutuo
896 2271 1056 2338 illustrans

101 2386 143 2452 ad
176 2390 386 2453 recentiorum
419 2397 601 2478 temporunp
625 2385 785 2450 historiam
811 2385 1057 2472 investigandam

99 2499 217 2565 incitet.
586 2477 600 2532 ¹

169 2611 220 2676 Ab
243 2609 413 2675 Herodoto
442 2613 536 2698 igitur
562 2611 712 2675 historiae
735 2609 879 2676 Graecae
902 2620 992 2697 patre
1015 2620 1059 2676 at·
1090 2632 1251 2688 Herodotus.

102 2747 168 2812 que
189 2726 331 2808 principe
359 2721 579 2808 incipientibus
605 2725 716 2786 mirum
747 2721 841 2788 nobis
863 2723 964 2788 videri
985 2745 1059 2810 pos-

103 2841 152 2916 sit,
177 2835 265 2922 quod
286 2833 370 2899 libro
393 2836 431 2898 ll.
457 2845 489 2898 et
510 2837 574 2911 lit,
596 2834 651 2899 ubi
675 2837 806 2921 copiose
828 2837 1058 2922 Aegyptiorum

104 2971 156 3014 res
190 2957 316 3024 tractat,
349 2967 504 3031 nusquam
536 2947 693 3012 Philarmn
726 2951 918 3014 mentionem
951 2949 1058 3024 iaciat;

105 3082 211 3148 neque
240 3061 303 3124 hoo
330 3057 405 3122 ideo
428 3057 544 3122 lactum
566 3081 742 3137 censemus,
770 3059 858 3147 quod
879 3063 1057 3125 Hecataeus
1101 3071 1103 3076 '

108 3171 253 3236 Milesius
268 3153 447 3257 Aegyptum
469 3173 664 3257 superiorem
679 3171 807 3237 uberius
822 3177 1001 3239 tractaverit
1014 3172 1059 3256 *),
1142 3187 1145 3192 '

108 3304 181 3346 nam
204 3285 294 3348 etiam
310 3277 488 3348 Thebarmh
504 3295 536 3350 et
550 3284 675 3370 Syenes
690 3284 776 3371 apud
790 3286 981 3350 Hecataeum
996 3306 1060 3349 me-

106 3396 208 3458 moria
231 3414 298 3460 esse
321 3393 438 3474 debuit,
461 3415 593 3483 quarum
615 3397 958 3463 nominanihilominus
974 3396 1058 3483 apud

105 3506 243 3572 eundem
265 3507 463 3572 Herodotum
486 3511 699 3595 reperiuntur3
722 3545 766 3558 —
795 3508 853 3573 sed
876 3507 963 3596 quod
985 3511 1058 3572 scri-

106 3622 205 3704 ptoris
237 3621 355 3698 nostri¹
371 3631 514 3706 ternpore
548 3619 658 3686 Philae
692 3621 774 3686 ultra
807 3621 945 3707 Aegypti
977 3599 1058 3684 fines

108 3734 228 3815 positae
250 3731 375 3796 fuerint
422 3733 532 3808 Locis,
555 3730 610 3796 ubi
632 3731 673 3797 de
696 3734 836 3820 Aegypti
857 3731 973 3799 linibus
996 3754 1060 3797 me-

140 3975 168 4041 ⁴i
186 3973 313 4034 Crenaee.
331 3983 483 4033 commentt.
501 3973 599 4033 Herod.
618 3995 645 4052 p.
666 3977 724 4033 tro.

804 4075 824 4134 5
839 4070 861 4114 a
