3026 4920
305 611 380 672 l’m
398 611 418 672 t.
473 599 560 670 ditcn
588 610 753 679 memorat,
782 602 816 668 in
844 599 903 668 alia
925 599 1085 689 Sarapidis
1112 603 1231 670 mentio
1259 601 1344 672 lacta
1377 618 1449 674 est.

472 714 589 802 Neque
614 714 697 780 inter
717 713 824 792 Deos,
853 712 967 800 quibus
995 717 1028 782 in
1057 713 1171 782 eodem
1193 715 1312 802 templo
1337 722 1449 784 sacri-

472 825 545 892 ficia
566 823 759 912 parabantur
780 819 955 906 (amaricare
976 820 1094 908 θεούς)
1119 828 1344 916 Aesculapium
1369 853 1448 898 me-

438 967 442 982 ·
471 949 626 1004 moratum
654 935 795 1002 vidimus.
849 937 1044 1025 Coniectura
1073 937 1446 1028 ducorad'suspican-

474 1049 557 1130 durn,
579 1051 609 1114 ei
630 1048 781 1116 sacellmn
803 1048 877 1116 idco
902 1049 1080 1116 dedicatum
1101 1052 1207 1131 frrisse,
1230 1055 1304 1140 quia
1327 1054 1442 1122 Cleo·
1496 999 1498 1090 l

446 1169 449 1177 ¹
473 1174 563 1252 patra
583 1164 691 1249 regina
712 1173 787 1249 post
810 1162 1076 1250 quinquennalem
1091 1163 1284 1231 sterilitatem
1300 1165 1440 1233 domurn

471 1277 587 1364 regiam
609 1273 756 1382 haerede,
770 1278 896 1354 auxerit,
918 1297 1002 1342 anno
1026 1276 1090 1341 187
1114 1297 1141 1340 s.
1161 1275 1221 1344 Ch.
1243 1299 1275 1343 n.

538 1387 663 1456 Eodem
684 1355 792 1466 modd,
820 1408 886 1474 quo
909 1387 1069 1466 sacellum,
1092 1389 1183 1454 etiam
1205 1392 1345 1475 porticus
1373 1391 1439 1473 (Ε)

471 1503 568 1568 nonis
590 1501 712 1588 repleta
735 1514 791 1580 eet,
811 1502 855 1566 ita
876 1512 911 1569 ut
932 1500 1147 1566 columnarum
1167 1499 1293 1566 dimidia
1307 1512 1438 1568 tantum

390 1591 413 1676 Ι.
471 1636 545 1703 pars
575 1635 614 1680 ex
640 1613 702 1678 illis
731 1614 874 1678 emineat.
924 1613 1084 1680 l-'orticmn
1111 1613 1296 1701 imperfecto
1326 1635 1435 1700 opere

472 1725 653 1792 derelictam
683 1747 775 1806 esse,.
794 1727 828 1792 in
850 1725 993 1814 capitulis
1016 1725 1230 1792 columnarum
1252 1723 1433 1792 observare

470 1837 554 1918 licet,
577 1859 711 1925 quorum
732 1836 867 1925 plurima
887 1838 1035 1904 inchoata
1058 1849 1090 1904 et
1113 1859 1153 1904 eo
1167 1837 1328 1928 ¹perducta
1343 1850 1432 1918 sunt,

470 1963 506 2017 ut
532 1953 596 2038 jam
622 1960 721 2016 totarn
750 1971 860 2015 eorum
888 1949 1020 2016 formem
1050 1952 1240 2038 cogitatione
1274 1949 1431 2036 opificum

471 2074 657 2150 conceptam
680 2065 805 2149 assequi
826 2065 937 2148 possis.
974 2063 1053 2126 Eam
1074 2085 1140 2128 rem
1162 2066 1309 2150 imprimis
1323 2066 1429 2128 nostri

470 2178 621 2262 temporis
650 2173 785 2239 artifices
814 2173 1021 2252 mirabuntur,
1056 2178 1174 2261 quippe
1203 2163 1428 2262 quae'veteri-
1496 2141 1498 2278 l

470 2289 532 2354 hus
554 2288 720 2373 Aegyptiis
741 2288 842 2350 minus
864 2285 1060 2352 commodam
1083 2309 1176 2372 quam
1197 2285 1291 2352 nobis
1314 2287 1443 2352 aedifi-·

471 2399 564 2468 candi
585 2401 739 2464 rationem
761 2397 857 2462 fuisse
881 2396 1087 2478 demonstrem
1110 2420 1170 2466 nos
1188 2401 1269 2464 enim
1286 2399 1424 2485 capitula

469 2517 502 2580 in
526 2510 662 2578 oificinis
685 2507 781 2576 adid
802 2507 994 2596 perficimus,
1022 2523 1058 2577 ut
1085 2534 1127 2578 ne
1156 2513 1267 2599 unguis
1296 2509 1424 2597 quidem

471 2623 668 2692 desideretur
688 2622 722 2686 in
744 2623 790 2700 iis,
812 2632 877 2686 tum
899 2622 1020 2708 singula
1041 2621 1170 2710 singulis
1193 2622 1345 2689 columnis
1366 2626 1423 2688 im-

470 2739 631 2826 ponimus;
653 2733 700 2800 illi
722 2745 834 2812 autem,
855 2745 1021 2822 postquam
1037 2757 1110 2802 saxa
1128 2735 1341 2802 columnarum
1354 2759 1421 2802 sca-

469 2853 520 2938 pis
542 2847 632 2914 rudia
654 2858 936 2934 superposueram,
966 2847 1108 2934 capitulis
1138 2848 1317 2936 sculpendis
1344 2871 1420 2934 ope-

470 2984 537 3028 ram
565 2958 691 3028 dabant.
741 2959 790 3026 Ex
819 2981 883 3047 quo
909 2963 1051 3028 instituto
1074 2972 1219 3047 apparet,
1244 2961 1419 3048 Aegyptios

469 3087 535 3141 tum
559 3072 707 3160 opiticum
728 3072 983 3141 commoditatem
1010 3075 1111 3138 minus
1138 3075 1327 3159 respexisse,
1354 3083 1419 3138 turn

469 3189 504 3253 in
526 3197 593 3253 arte
615 3187 857 3254 architectonica
884 3196 980 3272 atque
1001 3183 1152 3270 lapidaris
1172 3194 1288 3251 tantam
1315 3183 1420 3251 dexte

469 3301 592 3366 ritatem
613 3309 724 3366 nactos
747 3321 826 3378 esse,
848 3307 884 3362 ut
904 3298 1058 3364 canusinae
1081 3318 1163 3383 opus
1183 3299 1340 3385 incepturn
1361 3319 1420 3383 per

471 3407 622 3499 opificum
642 3407 962 3476 incuriam-damnum
984 3420 1112 3492 caperet
1125 3405 1170 3488 ¹⁵).

432 3648 437 3659 ¹
506 3657 532 3728 ⁴)
550 3653 680 3713 Notabilis
697 3652 766 3720 illine
784 3650 946 3708 dexteritatis
964 3646 1124 3724 exemplum,
1141 3668 1156 3704 a
1173 3645 1262 3703 multis
1277 3640 1415 3699 viatoribus

540 3742 721 3802 observatum,
743 3741 772 3794 in
792 3735 905 3794 latomiis
928 3733 1120 3809 Syenensilrm,
1143 3733 1176 3788 ab
1198 3731 1262 3788 urbe
1285 3726 1415 3784 meridiem

539 3847 632 3884 versus
649 3827 792 3902 repetitum
813 3823 850 3880 ibi
870 3822 940 3876 enirn
957 3818 1088 3876 obeliscus
1103 3817 1173 3876 haud
1189 3815 1308 3878 modicae
1324 3817 1416 3892 magni·

539 3911 638 3968 tudinia
656 3912 704 3982 (60
721 3911 827 3966 circiter
837 3905 956 3986 pedum),
972 3913 1089 3967 emonis
1101 3906 1186 3966 excidi
1200 3914 1320 3982 coeptus,
1336 3903 1415 3960 tribus

539 3997 679 4068 lateribus,
701 3997 839 4073 quaejam
861 3991 975 4071 expolita
998 4001 1026 4050 et
1047 3995 1185 4054 maximam
1205 4003 1308 4073 perun
1330 3990 1414 4048 lormis
