3000 4908
1016 449 1087 523 101

132 633 371 721 Blemmyorum
397 631 527 696 nomina
548 629 765 706 innotescunt,
794 629 849 713 qui
869 627 1089 692 Romanorum
1138 637 1216 740 i'rm
1235 637 1267 696 ll.

133 757 244 826 aetate,
267 741 464 810 Thebaidem
486 739 718 806 incursionibus
739 739 932 818 infestantes,
954 739 1090 813 multifa-

132 863 181 924 ria
203 854 294 921 clade
317 856 425 920 aiilieti
447 864 520 918 sunt
536 851 579 934 *).
620 854 658 917 In
674 851 816 918 Arabum
834 855 957 940 scriptis
975 851 1089 940 populi

132 986 284 1071 Aegypto
324 983 509 1049 contermini
546 992 729 1052 constanter
765 981 883 1048 Nubae
927 974 1088 1094 (932)

121 1098 302 1190 uocantur,
336 1110 473 1177 obscura
502 1121 605 1177 autern
634 1121 681 1176 est
709 1107 838 1178 illorum
866 1113 997 1178 historia
1030 1135 1090 1201 per
1182 1151 1188 1166 ·

131 1224 231 1290 multa
245 1223 381 1289 saecula.
418 1223 579 1310 Superest,
602 1234 637 1288 ut
659 1221 847 1290 hodiernum
867 1236 990 1305 statum,
1013 1247 1090 1311 qua-

132 1349 224 1403 tenus
246 1315 402 1401 viatorum
424 1333 700 1402 observationibus
725 1338 868 1423 cognitus
892 1347 953 1416 est,
979 1340 1089 1426 paucis

132 1448 362 1516 adumbremus.
408 1449 590 1535 Aegyptum
611 1447 688 1513 inde
710 1445 752 1514 ab
774 1448 966 1514 Alexandria
987 1471 1089 1536 usque

132 1561 175 1628 ad
203 1563 334 1648 Syenen
362 1560 487 1628 Arabes
516 1570 640 1639 tenent,
673 1581 774 1647 parvo
805 1559 1005 1648 Coptitarum
1031 1583 1090 1626 nu·
1143 1608 1145 1613 -

132 1696 221 1739 mero
243 1677 436 1750 intermixt03
459 1695 570 1740 omnes
594 1683 698 1738 autem
718 1672 825 1758 lingua
839 1670 977 1738 Arabica
997 1685 1090 1739 utun-

132 1797 193 1852 tur.
244 1789 332 1854 luter
352 1786 484 1871 Syenen
513 1798 545 1852 et
566 1786 672 1851 Philas
695 1785 757 1851 alia
779 1785 954 1851 offenditur
974 1784 1089 1872 lingua,

133 1909 250 1965 vocant
272 1897 458 1976 Barabram,
489 1910 521 1965 et
550 1897 676 1964 diversa
703 1900 864 1964 hominum
886 1901 995 1984 stirpS,
1022 1899 1090 1964 Nu-

134 2009 204 2089 bae,
231 2013 285 2098 qui
308 2031 409 2096 usque
433 2011 473 2076 ad
495 2010 666 2077 secundam
688 2022 874 2076 cataractam
896 2009 1091 2075 Wadi-Hal-

135 2121 254 2188 fensem
292 2136 435 2211 pergunt.
498 2124 649 2210 Sequitur
682 2127 775 2211 stirps
809 2123 1017 2210 Dongolana,
1058 2134 1089 2188 et

133 2234 239 2322 lingua
269 2247 301 2302 et
324 2225 626 2322 corporum'habitu
647 2260 666 2302 a
689 2235 847 2323 prioribus
871 2236 1009 2312 diversa;
1035 2258 1090 2300 va-

134 2351 189 2414 stis
212 2348 344 2414 desertis
367 2360 549 2437 segregatur
571 2373 589 2414 a
611 2352 715 2436 regnis
733 2348 862 2414 Schindi
885 2360 917 2414 et
938 2348 1089 2426 Sennaar,

133 2465 166 2527 in
189 2460 303 2548 quibus
325 2461 431 2550 lingua
459 2460 586 2549 quidem
609 2473 657 2528 est
678 2461 830 2540 Arabica,
858 2483 962 2527 mores
985 2471 1089 2526 autem

135 2587 168 2641 et
194 2575 318 2641 habitus
341 2575 381 2641 ab
403 2573 563 2640 Arabibus
585 2575 788 2661 Aegyptiacis
816 2572 917 2670 longe
935 2572 1087 2644 diuersus.

133 2687 297 2754 Ulteriora
331 2700 434 2754 terrae
471 2708 573 2774 usque
607 2684 647 2750 ad
681 2684 898 2752 Habessiniam
930 2688 1089 2772 incognita

133 2812 214 2867 sunt

533 2965 538 2970 .
554 2963 707 2972 mam—nnana

200 3137 350 3221 Denique
384 3144 420 3198 ut
454 3131 577 3198 insulae
604 3136 765 3200 historiam
792 3133 932 3199 breviter
960 3137 1089 3222 attinga-
1127 3145 1270 3230 Pisaurum

135 3267 216 3326 mus,
238 3247 465 3313 florentissima
485 3245 582 3311 luisse
607 3246 747 3325 videtur,
776 3269 841 3333 quo
872 3259 1016 3335 ternpore
1044 3246 1089 3313 ob
1121 3217 1261 3330 smwm‘

136 3357 279 3422 Deorum
301 3357 568 3444 Aegyptiacorum
597 3359 714 3424 udmm
743 3363 904 3426 maxnnam
926 3359 1090 3429 celebrita-

135 3479 198 3532 tem
226 3467 372 3534 habebat.
422 3471 505 3536 Eum
531 3482 635 3537 autem
655 3493 723 3537 non
744 3470 849 3538 solum
870 3469 1088 3538 Pharaonibus

133 3579 352 3668 regnantibus,
380 3583 438 3649 sed
467 3587 560 3650 etiarn
588 3584 786 3650 Graecorum
816 3595 847 3650 et
872 3583 1089 3659 Romanorum

132 3745 335 3766 ——··—·-—b

168 3847 195 3916 *)
213 3845 290 3904 Plinii
308 3847 481 3926 „Catadupos
500 3851 621 3925 gentem“
639 3849 709 3907 baud
725 3849 831 3907 insolito
850 3870 939 3906 errore
960 3848 1088 3905 aGraeca

204 3943 347 3992 cataractae
366 3935 577 3994 denominatione
597 3939 723 4013 originem
742 3937 847 3995 druisse
866 3957 1012 3994 censemus.
1030 3933 1088 4006 (Vl,
1159 3949 1165 3964 ·

203 4025 247 4076 35.
265 4019 359 4092 Hasd.)
