3000 4908
1012 391 1062 464 93

8 549 10 586 ³
100 591 213 658 parum
237 593 306 634 eum
327 591 409 636 vero
433 577 594 654 congruat,
617 567 749 653 Syenen
770 565 881 632 urbem
902 570 935 634 in
951 571 1061 656 penin-
1108 579 1183 638 Pam
1202 581 1234 638 n

100 683 172 748 sula
195 687 283 748 sitam
308 705 385 759 esse,
413 682 476 746 hoc
499 691 603 744 tamen
625 683 794 758 mittamus,
819 703 914 767 quum
937 683 1060 767 gravius

100 797 254 860 erraverit
270 794 391 858 dicens:
414 792 521 857 Philas
537 815 575 857 cx
592 791 727 858 adverso
744 794 869 879 Syenes
886 816 962 858 esse.
993 792 1062 857 sal-

99 910 191 972 masii
214 909 396 994 conjectura
420 904 549 985 (Exere.
573 905 652 969 Plin.
676 930 707 991 p.
732 907 805 970 437.
830 905 905 985 E),
926 905 1062 968 Plinium

100 1023 302 1084 mnemonico
333 1038 441 1082 errore
470 1015 593 1103 lapsum
614 1017 848 1105 Elephantinen
877 1037 938 1103 pro
964 1015 1061 1080 Philis

101 1136 278 1218 accepisse,
306 1152 374 1196 non
402 1142 585 1195 removetur
613 1129 795 1194 difficultas:
824 1131 957 1216 primum
980 1131 1061 1192 enim

101 1250 206 1310 intra
228 1246 261 1307 in
283 1264 403 1329 supra
424 1241 606 1306 mutandum
630 1254 720 1320 esset,
744 1254 808 1306 tum
833 1254 952 1320 autem,
978 1263 1060 1327 quae

102 1357 143 1422 de
166 1355 378 1442 Elephantide
400 1353 502 1418 insula
525 1352 615 1431 dicit,
638 1356 711 1418 satis
735 1353 965 1432 demonstrant,
993 1377 1061 1418 eam

103 1493 121 1534 a
144 1479 300 1533 cataracta
321 1469 569 1552 septentrionem
590 1488 701 1531 versus
724 1470 813 1531 sitam
837 1489 906 1532 esse
920 1463 968 1547 ⁹⁵),
992 1489 1060 1530 cum

101 1603 170 1647 non
204 1581 307 1646 solum
342 1581 642 1663 „navigationis
676 1581 907 1667 Aegyptiae
941 1579 1061 1642 finis“

102 1698 151 1772 sit,
174 1693 231 1758 sed
254 1695 345 1759 etiam
360 1692 568 1776 Aethiopicae
591 1713 688 1756 naves
705 1691 860 1778 plicatiles
875 1689 932 1771 *ἢ
954 1693 1061 1754 hume-

101 1809 145 1871 ris
167 1805 317 1871 tanslatae
340 1804 385 1869 ihi
406 1807 611 1880 conveniant;
633 1779 838 1888 utramque
862 1807 983 1890 igitur
1004 1806 1062 1866 in-

103 1917 242 1993 sulam,
264 1915 571 2002 Elephantidem
587 1937 715 2002 aeque
731 1917 933 1994 acPhilas,
955 1915 1061 1980 infra

105 2039 344 2094 cataractam
372 2033 483 2094 sitam
507 2049 610 2106 esse,
642 2029 804 2113 Syenen
828 2051 921 2116 ergo
949 2053 967 2094 a
989 2050 1062 2093 no-

102 2144 499 2232 vissimocataracte
527 2142 633 2204 XlllV
662 2143 708 2206 M.
738 2143 774 2208 P.
809 2141 961 2207 distare
989 2163 1060 2227 per-

102 2279 195 2321 verse
218 2257 400 2320 existimavit
420 2255 550 2320 Plinius.

170 2367 294 2454 Quibus
316 2370 499 2454 perspectis,
522 2366 562 2432 de
577 2390 780 2434 numerorum
798 2367 978 2453 conuptela
992 2387 1059 2431 non

101 2482 235 2569 amplius
257 2466 473 2566 quaerendum
497 2492 553 2546 est.
596 2480 808 2568 Elephantine
830 2484 862 2544 in
884 2484 955 2566 ipso
979 2489 1060 2544 eata-

100 2606 206 2661 ractae
228 2593 304 2670 fine,
326 2615 393 2658 non
415 2595 463 2658 IV
483 2593 530 2656 M.
555 2593 590 2657 P.
614 2593 694 2658 infra
719 2617 786 2658 eam
808 2597 880 2670 sita;
906 2596 972 2670 etsi,
993 2615 1060 2657 mu-

101 2719 166 2774 tata
189 2709 451 2792 interpunctione,
474 2704 580 2771 locum
599 2709 643 2770 ita
656 2709 860 2771 restituimus:
883 2705 1061 2792 „Elephan-

100 2824 141 2886 tis
172 2816 275 2884 insula
302 2821 384 2883 intra
413 2821 616 2884 novissimum
646 2830 836 2897 cataracten,
869 2819 918 2881 IV
945 2819 992 2883 M.
1022 2819 1058 2883 P.

101 2930 261 3016 (amhitu)
283 2936 351 2978 —“
384 2942 419 2996 ut
446 2930 557 3017 paullo
587 2953 696 3017 supra,
725 2931 921 2996 Harduinum
952 2934 1060 3009 secuti,

101 3047 297 3131 scripsimus;
326 3054 383 3122 „et
411 3066 448 3108 ex
471 3043 606 3110 adverso
636 3044 740 3109 insula
767 3046 824 3107 IV.
849 3045 915 3127 (Μ.
938 3044 973 3109 Ρ.
998 3067 1060 3110 am-

100 3157 191 3236 bitu)
213 3155 356 3233 Philae‚“
382 3192 421 3205 -
453 3164 556 3219 tamen
579 3143 715 3243 sequens
737 3179 900 3222 numerus:
933 3168 987 3234 „et
1009 3180 1059 3221 su-

103 3287 162 3348 pra
184 3266 313 3350 Syenen
335 3269 412 3331 XVI
434 3267 481 3332 M.
504 3268 539 3333 P.
563 3269 752 3348 habitatur,“
780 3273 806 3334 si
836 3269 875 3334 ad
898 3269 1059 3356 Elephan-

104 3425 306 3436 -ψ

137 3509 165 3580 *)
193 3508 227 3564 ad
250 3509 391 3583 aagendam
415 3512 594 3569 confusionem
617 3512 717 3581 „aliam
738 3513 930 3590 Elephantinen
952 3511 1059 3570 Aethio·

173 3598 253 3674 piae“
272 3595 370 3656 Plinius
387 3611 515 3657 memorat
532 3598 632 3668 XXIV,
652 3604 710 3657 101.

134 3683 177 3756 ll)
203 3683 236 3741 el.
258 3683 365 3742 Heeren
388 3686 442 3766 0p.
459 3687 518 3744 hist.
538 3686 611 3756 Xlll,
634 3691 688 3743 473
711 3696 738 3743 et
763 3688 800 3742 ibi
821 3685 951 3743 laudatam
972 3707 1059 3743 narra·

169 3773 269 3828 tionem
287 3771 410 3841 ltlallieti‚
436 3777 479 3850 qui
503 3775 578 3830 initio
603 3773 700 3831 saeculi
717 3773 813 3830 XVlll.
832 3773 982 3850 Aegyptum
998 3758 1059 3830 risi-

169 3861 242 3926 tavit‚
262 3869 289 3914 et
307 3859 471 3916 lietduinum
489 3860 510 3927 l,
528 3881 554 3938 p.
573 3863 634 3917 257.
657 3871 719 3917 nota
738 3867 787 3928 12;
806 3863 879 3936 eujus
896 3864 997 3936 navigia
1013 3881 1058 3938 pa-

168 3963 281 4021 pyracea
301 3949 393 4024 paucis
413 3947 522 4023 probata
539 3945 596 4003 iore
615 3968 760 4006 censemus.
