3000 4908
454 397 505 472 82

276 592 351 649 Pasa
370 587 402 652 ti
455 575 544 652 vul,
567 593 634 658 cap.
660 569 689 636 1.
712 569 791 637 been
815 565 911 634 dieat:
934 565 955 648 ἡ
979 561 1044 652 γὰρ
1066 561 1164 646 πόλις
1186 569 1223 632 αὶ
1248 567 1354 634 nna
1375 605 1424 618 -

455 680 597 765 Συήνης
625 682 660 748 δὲ
689 682 746 748 καὶ
764 676 1004 771 Ἐλεφαντίνης
1035 673 1154 744 ἑκατόν
1181 702 1246 746 που
1268 685 1340 756 τοῖς
1362 705 1424 766 με·

454 789 537 878 ταξὺ
559 794 707 870 σταδίοις
729 791 914 880 διείργεται.
938 792 992 873 (cf.
1018 793 1225 885 Latronnium
1248 791 1289 860 ad
1313 791 1417 860 Strab.

454 934 485 998 p.
511 911 585 974 817.
610 908 704 972 Tom.
726 906 769 968 V.
792 929 825 992 p.
848 907 944 985 426.)
994 905 1055 969 Hie
1086 904 1214 992 quidem
1237 927 1330 970 error
1349 929 1410 972 non

454 1025 558 1088 minor
587 1029 634 1085 est
664 1040 759 1103 quam
780 1017 954 1084 Strabonis.
1007 1019 1054 1082 Ut
1076 1005 1181 1083 a'ntem
1203 1021 1324 1103 majore
1347 1041 1412 1084 cun

456 1129 680 1199 commoditate
701 1151 917 1196 mansurarum
939 1129 997 1194 fiat
1021 1133 1226 1216 comparatio,
1249 1153 1360 1198 omnes
1378 1131 1419 1196 ad

454 1244 555 1333 pedes
577 1241 753 1322 Parisinos,
781 1247 974 1308 notissimam
1002 1245 1086 1308 inter
1107 1255 1265 1308 nostrates
1294 1265 1420 1310 mensu-

455 1381 537 1436 ram,
567 1357 748 1424 referamus.
795 1357 928 1442 Sumpto
956 1354 1122 1421 Strabonis
1145 1354 1249 1422 stadio
1273 1357 1340 1420 569
1363 1379 1435 1443 pe-v

456 1470 533 1536 dum
555 1471 653 1536 Paris
670 1467 719 1552 *):

511 1585 576 1648 100
604 1581 770 1648 Strabonis
798 1579 899 1646 stadia
934 1592 1073 1668 aequant
1103 1607 1146 1640 =
1178 1583 1288 1650 66900
1317 1582 1420 1670 pedes

544 1696 642 1760 Paris
1003 1771 1007 1782 q

455 1807 590 1895 Sumpto
612 1806 759 1874 milliario
781 1807 929 1870 Romano
952 1807 1041 1872 4554
1063 1782 1182 1894 nedum
1203 1807 1310 1885 Paris.

507 1923 553 1988 M.
578 1921 613 1986 P.
629 1920 684 1986 111.
701 1919 855 1984 Antonini
871 1929 1008 2003 aequant
1024 1945 1065 1976 :-
1083 1920 1193 1984 13662
1208 1919 1281 2005 pen
1296 1920 1395 1985 Paris.

454 2031 623 2100 Strabonis
644 2053 792 2096 66666663
817 2033 906 2116 quasi
929 2031 1029 2118 duplo
1052 2035 1155 2118 major
1177 2043 1225 2096 est
1246 2054 1341 2110 vero,
1371 2035 1422 2097 iti-

456 2148 615 2212 nerarium
643 2155 748 2208 autent
776 2163 843 2208 non
872 2144 944 2232 plus
974 2143 1102 2210 dimidio
1125 2143 1237 2209 reddit
1289 2146 1423 2210 Utrum-

340 2265 351 2284 ²
457 2280 520 2345 qua
554 2256 660 2324 locum
695 2267 959 2322 commentatores
994 2256 1162 2322 emendare
1196 2259 1303 2324 eonati
1335 2269 1424 2337 sunt,

455 2368 542 2438 baud
564 2370 707 2436 senmdo
732 2380 863 2448 eventu,
886 2392 956 2434 oum
977 2392 1054 2450 non,
1081 2370 1169 2457 qnod
1191 2391 1300 2433 verum
1321 2371 1426 2436 inter-

455 2483 573 2550 vallum
598 2493 695 2561 esset,
719 2492 879 2561 curarent3
902 2481 974 2562 sed,
997 2487 1090 2548 unius
1113 2481 1166 2546 vel
1193 2481 1319 2548 alterius
1342 2486 1425 2548 scri-

451 2600 558 2682 'ptoris
578 2577 762 2664 testimonio
786 2595 866 2675 freti,
889 2596 930 2660 ad
953 2595 1113 2661 arbitrium
1130 2598 1327 2682 conjecturas
1341 2618 1424 2682 pro-

455 2729 579 2794 ponere
601 2717 650 2774 sat
671 2706 835 2772 haberent.
882 2707 1093 2775 Cellarius
1109 2705 1165 2789 *ἢ
1188 2719 1220 2772 et
1237 2706 1422 2772 d'Anvil-
1494 2789 1495 2798 ἵ

456 2819 539 2884 lius
554 2818 650 2902 W),
673 2819 838 2886 Strabonis
862 2823 1079 2886 anctoritatem
1102 2823 1421 2902 66661ὶηί6666-

455 2935 504 2998 rio
534 2955 594 3019 pro
626 2934 673 2997 M.
702 2933 740 3033 ἢ
767 2932 823 2998 111.
854 2956 1013 3019 reponere
1041 2935 1201 3040 jusserunt
1226 2934 1301 3010 Xll,
1332 2954 1419 3020 quae

455 3045 566 3110 64500
588 3045 661 3130 ped.
684 3044 782 3112 Paris.
807 3057 953 3134 aequant.
994 3045 1117 3113 Contra
1139 3056 1243 3111 autem
1263 3047 1294 3110 J.
1316 3045 1419 3110 Mas-

455 3177 527 3222 son
556 3159 589 3221 in
611 3160 676 3223 vita
697 3157 843 3224 Aristidis
867 3160 943 3240 (VI,
966 3160 1030 3239 3.),
1059 3161 1208 3225 itinerarii
1230 3159 1283 3226 ΙΙΙ.
1306 3158 1353 3223 M.
1377 3158 1416 3222 P.

454 3272 637 3353 respiciens,
659 3269 825 3336 Strabonis
848 3277 965 3337 tanton
987 3271 1143 3349 σταδίους
1164 3275 1197 3337 in
1213 3269 1315 3336 εἴκοσι
1330 3293 1416 3336 eom-

453 3385 592 3460 mutavit,
609 3386 700 3469 quasi
718 3383 858 3450 confusis
873 3387 956 3449 inter
969 3405 1040 3449 sese
1054 3383 1093 3450 K
1108 3395 1139 3449 et
1155 3385 1189 3449 P
1198 3406 1257 3469 per
1270 3382 1407 3447 librario

487 3671 511 3744 ')
528 3673 582 3730 vin.
602 3667 741 3752 egregium'
752 3671 849 3728 librum
866 3669 891 3728 J.
909 3671 939 3726 F.
957 3669 1069 3726 Wurm
1087 3669 1121 3726 de
1139 3665 1285 3744 ponderum
1302 3671 1351 3719 ete.
1373 3687 1419 3725 rs.

522 3759 638 3816 tionibus
657 3780 683 3837 p.
702 3761 745 3814 88.
764 3757 806 3813 111.

487 3861 521 3930 ⁸)
540 3860 637 3948 Geogr.
657 3862 762 3935 antiqua
779 3857 811 3924 ΙΙ,
830 3875 857 3934 p.
876 3857 929 3912 828
947 3873 1005 3932 sqq.

482 3963 541 4029 aas)
560 3959 702 4017 Memoirea
719 3979 766 4016 sur
782 3958 904 4036 l'Egypte
923 3958 1047 4016 ancienne
1067 3967 1094 4014 et
1113 3955 1249 4028 moderna.
1266 3976 1294 4034 p.
1310 3958 1375 4012 alo.
