3026 4920
458 447 508 522 att

294 643 369 702 Pars
387 639 407 698 1.
459 626 512 690 De
539 623 708 689 serenitate
737 617 821 684 coeli
847 619 1024 706 aegyptiaci
1052 627 1084 682 et
1106 616 1147 683 de
1169 619 1310 682 siccitate
1335 621 1440 701 aeris

459 737 493 803 id
517 736 718 802 clarissimum
740 729 915 818 exemplum
938 731 1039 808 affert,
1065 727 1154 818 quod
1174 732 1354 816 inscriptio,
1383 734 1438 795 in-

459 862 509 916 ter
536 869 650 913 annum
681 847 723 910 70
737 826 785 910 'et
812 844 854 908 53
883 865 909 907 a.
934 842 994 909 Cb.
1016 862 1048 906 n.
1078 845 1236 928 pigmento
1257 841 1371 908 nmro
1398 847 1435 908 in

459 959 565 1047 lapide
600 967 738 1036 exarata,
773 965 823 1022 tot
856 954 1055 1020 saeculorum
1088 957 1191 1041 spatio
1225 958 1424 1041 praeterito,

461 1072 572 1138 eadem
593 1069 744 1135 facilitate
766 1066 829 1154 legi
850 1076 964 1154 potest,
988 1087 1080 1152 quam
1103 1087 1167 1154 quo
1189 1077 1335 1154 tempore
1365 1089 1431 1154 po-

460 1187 519 1250 sita
542 1182 612 1248 luit.-
1311 1183 1315 1192 ·

525 1296 633 1381 Prope
663 1291 836 1360 obeliscum
864 1293 898 1356 in
922 1311 1013 1356 muro
1035 1289 1234 1356 meridionali
1253 1288 1429 1357 fenestrae

460 1407 566 1473 lumen
602 1417 665 1484 est,
701 1403 790 1491 quod
814 1413 1019 1492 prospectum
1048 1422 1144 1488 supra
1171 1401 1297 1480 Nilum·
1321 1417 1426 1470 vasto

460 1521 608 1606 aequoris
632 1537 742 1603 campo
767 1515 941 1594 dilatatum,
969 1511 1110 1601 praebet.
1161 1515 1233 1579 Pari
1259 1514 1364 1579 modo
1389 1520 1426 1582 in

459 1653 550 1696 muro
574 1631 714 1718 porticus
737 1625 926 1696 occidentali
948 1628 1011 1708 (D)
1033 1626 1150 1690 multae
1172 1627 1330 1692 fenestrae
1352 1649 1424 1693 me

431 1801 433 1806 ,
459 1747 546 1831 iores
571 1753 603 1806 et
624 1744 761 1807 minores
785 1747 920 1818 exstant,
943 1761 1021 1825 quas
1045 1737 1158 1804 eodem
1180 1750 1324 1826 tempore
1347 1763 1421 1828 quo

384 1889 395 1910 ·
460 1858 617 1944 porticum
640 1850 821 1919 aedificatas
845 1873 915 1916 esse
936 1851 1011 1918 inde
1027 1861 1166 1938 apparet,
1189 1851 1277 1938 quod
1289 1855 1420 1919 interna

461 1955 567 2034 earum
598 1965 697 2058 latera
731 1961 841 2028 iisdem
869 1961 977 2048 liguris
1005 1962 1263 2050 hieroglypbicie,
1298 1963 1419 2050 quibus

459 2078 600 2166 reliquae
622 2078 728 2164 operis
750 2086 871 2162 partes,
894 2085 1043 2142 exornate
1065 2086 1145 2141 sunt.

302 2223 397 2278 lasela
528 2193 611 2255 Hinc
639 2189 843 2274 prospicienti
870 2191 972 2252 vicina
1000 2211 1070 2252 sese
1100 2185 1333 2264 ostentacula,
1362 2191 1418 2252 cui

270 2293 427 2418 ceglffdle'm
462 2302 547 2391 apud
560 2299 682 2367 Arabes
704 2302 813 2386 Bageb
833 2321 959 2378 nomen,
983 2299 1023 2364 de
1046 2322 1108 2386 qua
1130 2299 1287 2364 hocloco
1310 2321 1417 2384 pauca

267 2452 357 2489 cecus
374 2433 437 2498 atta,
462 2414 598 2502 adjicere
619 2413 774 2478 volumus.
820 2411 956 2478 Constat
977 2411 1107 2478 rudibus
1129 2415 1218 2491 saxis,
1239 2411 1344 2476 Philas
1367 2413 1416 2476 al-

461 2527 594 2594 titudine
615 2501 719 2610 longd
733 2523 962 2611 superantibus.
1000 2526 1037 2589 ln
1057 2527 1208 2590 montium
1228 2523 1334 2590 radice
1354 2522 1416 2589 be-

460 2640 565 2707 nefica
597 2637 664 2702 Nili
699 2635 784 2700 unda
821 2635 994 2723 paullulum
1031 2637 1116 2700 humi
1149 2637 1314 2723 deposuit‚'
1345 2657 1413 2723 quo

461 2752 576 2818 factum
607 2759 668 2826 est,
695 2758 731 2812 ut
751 2746 866 2812 Nubae
894 2747 1042 2812 nonnulli
1067 2747 1112 2812 ibi
1139 2746 1315 2814 habitacula
1336 2771 1413 2814 con-

363 2887 366 2896 *
460 2864 625 2930 stituerint.
676 2861 789 2924 Tenue
811 2861 945 2925 fluminis
972 2858 1132 2926 brachium
1153 2860 1271 2926 insulas
1293 2859 1411 2941 dividit,

460 2978 551 3062 *mnus
574 2971 694 3038 tantula
718 2982 765 3037 est
787 2972 998 3059 profunditas,
1020 2983 1056 3036 ut
1078 2981 1210 3051 aestate,
1233 2971 1412 3038 affirmanti-

461 3085 522 3152 bus
543 3085 664 3163 incolis,
681 3069 769 3150 ⁸vado
794 3087 917 3149 transiri
944 3087 1052 3172 possit.
1103 3086 1141 3148 ln
1169 3084 1301 3150 elatiora
1326 3085 1410 3148 insu-

461 3197 513 3264 lae
535 3197 642 3284 Bageb
664 3206 754 3283 parte
777 3219 815 3262 ex
837 3199 986 3284 opposito
1000 3195 1167 3273 Panassa,
1190 3195 1297 3282 ter'npli
1318 3218 1409 3282 aegy-

382 3366 387 3372 .
461 3311 556 3398 ptiaci
577 3307 691 3373 rudera
714 3311 962 3395 conspiciuntur,
990 3306 1150 3371 nonnullis
1172 3305 1335 3371 Nubarum
1361 3319 1408 3372 tu-

463 3424 556 3508 guriis
586 3423 695 3484 cincta.
745 3421 832 3484 Muri
859 3419 1046 3502 circumjecti
1070 3401 1212 3502 vestigia·
1228 3421 1405 3505 parvitatem

465 3531 638 3600 ostendunt
658 3530 775 3616 templi,
797 3528 886 3616 quod
907 3503 1246 3620 Abaton‘scriptorum
1266 3549 1342 3603 esse,
1361 3529 1404 3586 in-

462 3644 511 3710 ira
533 3641 822 3710 demonstrabimus.
865 3641 901 3704 ln
923 3642 990 3726 ipsa
1012 3639 1100 3703 iluvii
1120 3641 1187 3724 ripa
1209 3635 1312 3701 scalae
1333 3633 1403 3720 lapi-

532 3901 735 4044 ejusde1p4regis
752 3906 926 3975 comparatam
947 3899 1064 3974 reperies
1084 3897 1154 3978 apud
1170 3895 1339 3954 benennom
1354 3893 1400 3951 ll

532 4008 590 4066 ru·
609 3990 623 4043 ¹
662 4027 669 4042 ·
1133 4006 1136 4014 ·
1494 3997 1495 4051 t
