3026 4920
441 389 491 464 24

273 578 347 638 Piis
365 579 385 639 1,
443 563 582 632 deletum
614 583 699 638 esse,
732 573 785 626 aut
817 562 915 626 ruinis
940 557 1102 626 obtectum
1129 561 1243 646 jacere.
1289 559 1405 648 Scupi-

262 705 264 710 ·
444 699 564 756 camur,
590 673 625 742 id
652 673 743 739 alteri
770 671 930 751 obelisco,
957 694 1051 760 quem
1080 683 1189 738 conns
1218 676 1404 760 appositum

327 777 340 807 ⁸
446 811 515 854 csso
536 789 658 863 scimus,
677 788 859 870 inscriptum
880 784 986 850 fiisse.

510 901 540 964 A
562 897 736 985 pylonibus
757 899 876 984 magnis
897 895 1058 964 meddiem
1079 917 1198 975 vorsus,
1217 899 1301 962 inter
1321 917 1405 982 por-

445 1014 524 1078 ticus
546 1009 578 1074 D
602 1020 635 1074 et
655 1011 684 1074 E
708 1031 836 1098 campus
858 1019 954 1096 patet,
974 1011 1072 1072 ruinis
1088 1004 1218 1074 obsitus.
1255 1006 1304 1072 lbi
1320 1007 1406 1073 olim

446 1121 613 1188 derelictus
631 1119 772 1188 Arabum
793 1143 891 1208 pagus
915 1123 1036 1198 exstitit,
1059 1141 1153 1206 quem
1173 1121 1407 1188 Biitanuorum

445 1256 604 1323 proxenus
626 1233 756 1313 Saltius,
784 1243 981 1320 praematura
1008 1244 1109 1297 morte
1136 1232 1235 1298 litenis
1261 1243 1405 1319 ereptuS,

446 1368 548 1433 nuper
577 1349 701 1426 evertit,
731 1367 795 1434 quo
818 1367 903 1411 nuno
925 1355 993 1410 tota
1013 1345 1134 1410 insulae
1157 1367 1229 1432 pars
1252 1344 1405 1410 australis
1509 1374 1510 1377 ¹

448 1457 548 1525 oculis
575 1458 790 1560 perlustratur.
841 1458 958 1523 Melius
977 1457 1122 1537 ,sonasse
1148 1456 1188 1521 de
1210 1459 1408 1544 antiquitati-

446 1568 507 1634 bus
526 1569 725 1663 Pulqstbus
744 1573 908 1668 muniisset
924 1572 973 1634 vir
989 1571 1278 1657 praestantissimus,
1296 1573 1323 1633 si
1340 1572 1407 1634 cir·

448 1703 518 1745 cum
532 1679 690 1746 obeliscos
706 1703 779 1746 saxa
790 1685 983 1761 removisset,
1002 1680 1042 1746 ad
1059 1679 1235 1766 diligentius
1248 1679 1404 1767 indagan-

449 1791 519 1858 dam
549 1793 611 1858 soli
638 1793 880 1860 inclinationem.
930 1792 1181 1880 Haudquaquam
1205 1796 1286 1858 enim
1308 1815 1401 1878 sper-

447 1905 553 1972 nenda
575 1903 629 1970 est'
645 1908 753 1990 opinio
779 1905 924 1970 Relzonii
939 1904 1060 1992 *>‚·qui
1080 1907 1145 1984 hoc
1165 1904 1239 1970 loco
1262 1916 1406 1990 quatuor

447 2017 501 2082 vel
524 1993 662 2101 quinque
684 2017 799 2096 scalas,
827 2027 864 2082 ut
884 2019 917 2081 in
938 2017 1011 2082 foro
1033 2003 1179 2082 Romano
1208 2038 1310 2104 prope
1334 2019 1405 2082 Titi

448 2143 561 2206 arcum,
585 2130 735 2193 exstitisse
758 2132 931 2215 suspicatus
955 2140 1009 2194 est.
1048 2128 1229 2194 Porticuum
1252 2133 1333 2194 enim
1349 2131 1402 2210 (D

448 2250 480 2304 et
506 2239 556 2322 E)
585 2239 749 2306 colunnae
778 2243 900 2328 positae
928 2252 1002 2306 sum
1028 2240 1103 2306 loco
1126 2241 1225 2327 longe
1243 2241 1399 2307 inferiore

449 2373 541 2438 quam
563 2351 718 2438 pylonum
740 2352 835 2418 limen
849 2349 915 2434 **).
964 2395 971 2410 ·

265 2476 413 2536 conclavia
513 2463 608 2531 Haud
636 2464 749 2550 procul
772 2487 790 2529 a
812 2475 906 2550 porta
928 2466 999 2547 (B)
1021 2468 1109 2564 initio
1132 2467 1272 2554 porticus
1293 2466 1405 2530 orien-

238 2558 301 2602 ante
323 2567 436 2623 magnos

278 2622 397 2692 mom
450 2573 518 2640 tulis
541 2573 609 2660 (E),
630 2579 688 2640 tria
710 2599 807 2664 parva
831 2576 993 2644 conclavia
1009 2577 1065 2659 (F)
1087 2583 1292 2665 repepiuan
1315 2601 1403 2664 quae

448 2698 580 2773 propter
601 2709 759 2767 saxorum,
783 2687 895 2774 quibus
919 2689 1101 2754 circmnfusn
1123 2701 1208 2768 sunt,
1230 2689 1403 2756 multitudi-

448 2819 520 2862 nem
543 2802 631 2883 quasi
653 2798 857 2865 subterranea
879 2799 940 2865 dici
961 2813 1102 2888 possunt.
1138 2803 1304 2865 Murorum
1327 2825 1404 2888 par-

449 2919 512 2973 tem
541 2913 725 2976 exteiiorem
754 2915 926 2998 pan'etinae
956 2911 1168 2992 obduxerunt,
1196 2924 1279 2979 tecta
1305 2925 1403 3000 rupta

449 3032 530 3098 sunt,
550 3025 672 3086 interna
694 3047 766 3109 pars
789 3028 957 3089 caementis
979 3037 1011 3090 et
1032 3025 1188 3113 lapidibus
1210 3029 1254 3090 ita
1267 3026 1401 3111 repleta,

238 3139 410 3264 Ppnlsortpeto
449 3144 485 3197 ut
507 3131 643 3198 difficilis
666 3137 705 3200 sit
719 3135 837 3202 ¹aditus.
889 3138 927 3200 ln
950 3137 1118 3221 supercilio
1140 3149 1252 3226 portae
1278 3138 1333 3222 (ad
1354 3137 1401 3220 F)

449 3272 649 3293 u———np

484 3339 509 3410 ”)
530 3337 667 3400 Narrativc
684 3337 716 3396 ol
727 3340 773 3398 the
791 3341 957 3422 Operatione.
976 3359 1003 3417 p.
1020 3343 1082 3402 2⁰0.

483 3424 517 3497 “)
541 3424 572 3482 In
590 3445 671 3504 opere
688 3427 861 3504 expeditionis
879 3427 983 3504 galbeos
1006 3426 1130 3504 (Antiqu.
1146 3425 1185 3485 Pl.
1203 3427 1237 3496 V,
1254 3432 1282 3485 2.
1302 3427 1398 3502 Coupe
1508 3422 1510 3474 J

503 3508 567 3569 'des
584 3515 737 3590 principans
754 3513 873 3583 edifices)
891 3512 1026 3582 scalarum,
1045 3535 1108 3590 quas
1125 3513 1245 3580 diximus,
1262 3511 1316 3566 fere
1327 3509 1397 3564 nulla

519 3601 585 3655 catio
604 3609 645 3670 est
661 3595 765 3665 habita‚'
778 3603 855 3656 etism
872 3599 1001 3677 peristylii
1017 3597 1192 3654 meridionalis
1210 3597 1343 3652 columnae
1361 3592 1397 3652 al·
1509 3618 1510 3647 t

518 3682 628 3741 titudine
655 3687 686 3742 in
714 3684 823 3742 tabula
844 3685 921 3760 longe
944 3681 1080 3743 inferiores
1102 3691 1163 3740 sunt
1183 3683 1330 3760 porticuum
1352 3701 1395 3736 co·

517 3767 626 3833 lumbis,
644 3787 707 3842 ques
724 3778 811 3826 tamen
828 3773 967 3825 veritate
989 3769 1069 3824 multo
1087 3777 1217 3845 superant.
1257 3765 1395 3836 veremur,

519 3873 552 3906 ne
570 3856 694 3908 memoria
712 3857 793 3927 inagis
811 3874 887 3930 quam
907 3856 1036 3911 mensulis
1058 3853 1118 3914 freti
1134 3853 1199 3912 banc
1221 3853 1333 3912 tabulam
1350 3855 1395 3912 de·

517 3936 669 3996 lineaverlnt
687 3949 805 3996 auctores
824 3938 964 3996 clarissimi
