3026 4920
122 631 246 719 quidem
275 635 357 698 dam
384 627 550 715 relinquit,
577 649 676 718 quere
703 629 833 706 nuntiis,
862 626 904 699 ab
924 631 1075 718 Aegypto
1130 633 1205 706 Piae?
1222 645 1241 705 1,

119 750 286 833 superiore
299 742 439 812 Nubiaru
463 753 494 808 et
515 739 701 811 remotiores
722 742 870 827 regiones
886 741 1075 828 potentin,

119 861 146 924 is
168 861 289 926 itineris
312 855 395 924 ordo
417 857 637 941 praescriptis
651 865 708 933 est,
728 865 764 922 ut
786 851 827 921 ed
847 853 981 941 Syenen
1002 855 1077 923 dex·

120 979 202 1038 inm
222 971 292 1038 Nili
312 969 386 1033 litus
408 965 595 1052 relinquant,
615 969 895 1050 insinistrovero,
916 989 975 1056 per
988 989 1077 1038 mon-

122 1091 170 1148 tes
197 1083 336 1150 incultos
365 1078 406 1144 de
433 1078 511 1148 Nilo
539 1099 642 1166 usque
671 1077 712 1146 ad
741 1079 894 1168 oppidum
921 1078 1077 1148 nubiense
1171 1146 1179 1160 ,

120 1195 263 1262 Debode
286 1191 454 1260 declinent.

190 1307 280 1372 Litus
309 1301 461 1370 oneumle
483 1321 588 1390 prope
609 1301 739 1370 fluvium
760 1303 794 1370 in
815 1323 965 1390 magnam.
977 1303 1078 1393 plani·
1096 1331 1123 1378 et
1140 1322 1276 1378 ostentu.

124 1421 201 1483 tiem
234 1415 430 1505 expanditur,
464 1438 483 1480 e
515 1415 691 1502 longinquo
725 1414 883 1484 montibus
914 1418 1077 1484 inclusam.
1121 1461 1147 1494 ‚⁴

125 1530 232 1617 Prope
260 1553 373 1616 aquarn
397 1527 562 1598 Nubnmm
589 1527 768 1594 habitacula
790 1527 969 1609 nonnulla,
1000 1531 1076 1599 limo

124 1643 318 1730 negligenter
340 1651 494 1718 exstructa
515 1648 603 1719 sunt,
634 1642 713 1728 agris
735 1642 927 1727 paucissimis
949 1645 1078 1710 circum-

123 1755 306 1842 jaoentibus
362 1755 516 1820 Rotarum
549 1775 669 1839 genere.
698 1752 965 1839 hydraulicum,
999 1775 1076 1841 quas

125 1867 235 1955 Saqies
262 1877 391 1946 vocant,
422 1876 553 1932 utunttrr
577 1864 703 1932 incolae
732 1864 787 1932 ad·
796 1865 990 1942 efferendum
1009 1867 1077 1934 Nili

126 2002 251 2067 aquam,
278 1983 374 2046 sionis·
392 1981 466 2044 anni
485 1977 681 2065 temporibus
702 1977 746 2060 ἢ.
798 1979 929 2045 Montes
956 1981 991 2044 in
1016 1981 1077 2046 bno

124 2091 224 2159 litoris
251 2102 341 2180 parte
370 2093 505 2179 speciem
526 2089 682 2178 praebent
710 2093 850 2178 rupium,
879 2113 918 2158 ex
946 2087 1077 2180 disjecta

121 2203 322 2272 multitudine
347 2206 382 2269 in
411 2203 506 2268 altum
534 2209 770 2290 congestorum
799 2202 879 2291 lepis
902 2207 1077 2290 granlticus,

123 2341 195 2384 orm
221 2327 354 2405 propter
376 2319 457 2382 airis
479 2319 647 2381 siscitatem
668 2315 847 2403 plantarum
866 2315 988 2383 radices
1008 2339 1076 2385 non

121 2431 266 2518 patiatur,
287 2431 321 2492 in
335 2427 526 2516 regionibus,
542 2428 645 2493 'Philis
661 2411 959 2517 commiscentibus,
980 2429 1076 2516 plane

121 2541 227 2607 nudus
257 2551 318 2618 est;
345 2543 380 2606 in
401 2563 498 2608 arena
521 2539 637 2620 nebda,
666 2543 747 2626 agris
769 2543 930 2628 contigua,
958 2545 1076 2608 conces
1132 2532 1139 2544 ’

121 2656 277 2720 notissime
298 2657 505 2739 reperiuntur.

190 2764 298 2844 Nilus,
327 2765 497 2831 ameridie
526 2763 718 2852 procedens,
746 2765 844 2832 Philis
865 2763 997 2848 relictis,
1023 2785 1077 2834 an-
1087 2789 1287 2916 Jmpppppmpe

351 2877 363 2904 ο
1200 2878 1239 2916 at.

126 2939 326 2962 ι--η-ι--ὰιι

160 3069 184 3141 ’)
207 3065 320 3126 Tantum
337 3075 453 3170 rotarum
469 3085 603 3127 nnmerum
620 3071 648 3126 iu
665 3068 735 3126 nullo
752 3069 859 3130 flumine
877 3071 994 3174 reperiri.
1003 3076 1126 3174 ppin·

194 3175 267 3224 mus,
288 3157 340 3210 nisi
362 3155 390 3209 in
406 3151 483 3222 Nilo,
506 3155 550 3230 qui
572 3155 669 3212 solus
661 3175 689 3213 ru
708 3155 844 3236 Aegypto,
868 3177 928 3214 curn
944 3159 1077 3215 rarissime

194 3241 281 3320 pluvia
298 3237 456 3308 effundatur,
476 3241 652 3314 irrigationem
670 3243 779 3320 praebet
797 3245 873 3318 agris.
908 3243 938 3300 In
955 3243 1076 3322 Aegypto

195 3331 333 3405 superiore
354 3335 381 3384 ot
403 3335 457 3385 tota
478 3326 565 3386 Nubis
585 3348 694 3405 magnus
717 3329 855 3406 Saqimum
876 3349 999 3388 numerus
1021 3351 1078 3387 oer-

195 3417 276 3484 uitor,
294 3433 358 3492 quae
376 3433 466 3470 omnes
484 3435 536 3472 una
554 3415 697 3492 eademque
715 3419 815 3477 ratione
833 3427 1076 3476 sunteoruuuetae.

193 3500 340 3580 Peremque
366 3520 447 3576 equae
474 3504 578 3580 copiam
604 3523 809 3580 unamquamque
837 3513 922 3562 rotem
949 3491 1077 3582 praebere

172 3583 294 3664 ¹campis
312 3589 471 3666 experientia
489 3587 591 3656 docuit,
608 3591 645 3645 ita
662 3591 716 3646 ut
708 3609 735 3645 ιιι
753 3609 833 3646 oensu
850 3587 959 3663 agendo,
977 3605 1010 3647 ex
1027 3589 1076 3646 Sa·

191 3676 294 3751 qinrum
318 3685 427 3730 numero
454 3673 489 3730 de
511 3695 632 3750 agrorum
655 3672 833 3752 magiritudine
856 3686 884 3732 et
904 3676 991 3734 reditu
1010 3676 1076 3752 judi·

192 3770 274 3816 cetur.
313 3759 577 3830 Burekbardtus,
599 3765 684 3822 viator
700 3762 777 3837 longe
795 3765 1016 3834 accuratissimus,
1037 3767 1080 3822 in-

191 3855 234 3901 ter
258 3845 370 3924 primam
395 3856 423 3903 et
446 3848 588 3906 secundam
615 3859 783 3918 cataractam,
808 3849 870 3908 inde
895 3871 912 3907 a
936 3849 1018 3908 Philis
1042 3845 1077 3907 od

193 3929 395 3990 Wadi-Heliam
413 3935 466 3990 600
484 3935 518 3992 od
535 3939 588 3994 700
605 3935 699 4013 Saqias
716 3955 747 3994 ee
764 3957 916 3998 numerasse
932 3931 1021 3998 refert
1042 3935 1074 3994 oi.

196 4014 302 4076 Travels
319 4020 348 4077 in
363 4017 450 4078 Nubia
467 4041 494 4098 p.
514 4023 575 4079 137.

819 4119 876 4184 1*
