3026 4920
315 615 390 678 Pasa
409 617 431 678 ι,
483 605 600 670 vetaris
623 599 725 667 cultus
747 600 924 686 aegyptiaci
943 597 1227 686 magnificentiam
1245 594 1408 676 rediisse,
1427 598 1470 664 sed

482 719 568 805 justo
592 716 682 780 citius
703 714 813 777 munao
835 711 976 800 undique
998 731 1127 800 sparsae
1155 713 1367 778 Tuscanun
1389 714 1464 798 impe

483 834 563 896 rium
586 830 619 892 in
641 827 823 890 memoriam
845 823 1009 892 reducunt.

307 952 435 1024 Adytom.
550 941 677 1016 Restat,
710 948 746 1002 ut
775 937 815 1002 de
848 937 957 1002 ultima
990 937 1099 1024 templi
1131 948 1241 1022 parte
1281 936 1344 1004 vel
1381 934 1443 1019 adpro

484 1073 586 1138 pauca
616 1047 777 1116 addamne.
825 1052 963 1116 danuam
991 1048 1088 1116 babet
1116 1049 1183 1132 (ad
1220 1053 1267 1134 e)
1301 1053 1341 1114 in
1372 1045 1444 1112 medo

482 1165 604 1252 pariete
628 1183 697 1226 omn
716 1162 973 1250 inscriptionibus
997 1157 1037 1228 ab
1059 1173 1205 1248 unoque
1231 1161 1361 1239 latere,
1383 1159 1450 1226 mul·

483 1297 564 1341 mam
593 1287 714 1361 partem
743 1279 878 1362 graecis,
905 1277 939 1340 in
968 1273 1082 1362 quibus
1112 1277 1272 1362 episcopi
1300 1271 1451 1345 Theodoti

484 1389 610 1474 saepius
637 1386 676 1454 fit
702 1392 836 1467 mentio,
865 1407 927 1454 nec
954 1409 1021 1453 non
1051 1405 1185 1474 operum
1211 1386 1260 1452 ab
1289 1410 1336 1456 eo
1362 1333 1476 1472 consul

486 1511 607 1568 ctorum
628 1500 673 1584 l⁵).
725 1502 923 1587 Quanquam
951 1501 984 1564 in
1007 1501 1054 1564 bis
1077 1498 1174 1565 titulis
1198 1498 1331 1567 verba:
1368 1496 1444 1564 vom

483 1607 523 1680 τὸ
546 1607 686 1700 ἀγαθὸν
708 1615 805 1702 ἔργον
827 1615 953 1698 ἐγένετο
977 1611 1091 1678 eodem
1113 1613 1200 1698 jure,
1234 1635 1310 1699 quo
1335 1616 1371 1678 in
1391 1606 1445 1676 reli

485 1731 554 1815 quis
586 1747 651 1792 vox
691 1727 824 1805 ἐποίησε
858 1724 899 1790 ad
934 1723 1042 1812 templi
1078 1721 1348 1791 aedificationem
1379 1719 1441 1787 trahi

485 1842 621 1928 possint,
644 1849 748 1903 tamen
769 1859 879 1916 nemo,
901 1840 1008 1924 pn'mis
1031 1837 1264 1902 architecturae
1291 1831 1441 1904 elementia

483 1949 635 2028 imbutus,
653 1947 729 2027 ⁸sibi
761 1949 965 2036 persuadeat,
997 1960 1201 2014 monumenta
1233 1951 1437 2016 Philensiaa

486 2063 685 2149 Coptitauun
709 2065 866 2147 episcopis
889 2061 1016 2129 condita
1040 2082 1119 2129 esse.
1156 2063 1274 2148 ltaque
1299 2066 1377 2130 satis
1396 2079 1436 2142 ap

484 2185 590 2262 paret,
625 2172 874 2258 disquisitionem
904 2173 944 2240 de
974 2183 1077 2240 aetate
1105 2173 1300 2262 templorum
1330 2172 1434 2262 graecis
1462 2134 1466 2249 l

483 2285 582 2352 titulis
609 2304 677 2350 non
705 2286 901 2372 profligatam
924 2307 1009 2366 esse,
1038 2286 1096 2352 sed
1118 2310 1136 2351 a
1159 2288 1336 2372 conjuncta
1358 2295 1433 2352 nota·

483 2417 553 2465 rum
574 2397 880 2485 hieroglypbieamm
903 2401 1033 2464 scientia
1054 2401 1122 2464 veri
1143 2402 1361 2486 cognitionem
1377 2416 1435 2486 spe
1463 2356 1465 2443 l

483 2514 547 2576 rari
568 2529 674 2597 posse.
724 2557 726 2560 -
1170 2511 1189 2552 ⁰
1461 2520 1462 2525 ’

551 2621 677 2709 Templi
700 2621 829 2708 adytum
850 2623 956 2689 multis
980 2635 1103 2690 constat
1121 2623 1341 2706 conclavibus,
1364 2639 1433 2712 quae

482 2737 610 2802 nonnisi
637 2755 696 2820 per
723 2745 848 2820 portam
875 2739 1050 2822 primariam
1077 2735 1139 2817 (ad
1161 2739 1200 2818 e)
1228 2749 1329 2824 atquc
1352 2738 1429 2803 aliam

483 2858 607 2935 portam
636 2846 865 2912 occidentalem
895 2848 957 2930 (ad
980 2850 1012 2932 f)
1041 2850 1144 2916 lucem
1166 2853 1340 2936 accipiunt3
1367 2867 1428 2936 pru

483 2969 556 3046 pter
582 2961 803 3046 sempiternam
830 2961 1133 3034 coelisercnitatem
1154 2965 1261 3050 primis
1284 2959 1429 3030 conclavi-

482 3069 544 3136 bus
578 3071 755 3158 paullulum
789 3073 937 3138 clacitatis
970 3087 1031 3153 est,
1064 3079 1236 3142 remotiora
1265 3088 1367 3142 autem
1392 3075 1427 3135 iu

482 3193 556 3249 sunt
589 3185 774 3270 caliginosa,
809 3196 846 3250 ut
877 3189 946 3251 sine
974 3185 1095 3252 facibus
1124 3191 1175 3253 vix
1204 3187 1282 3254 adiri
1310 3191 1427 3273 queant

482 3294 578 3362 Haud
606 3295 736 3362 dubim
765 3308 827 3378 est,
856 3302 933 3388 quin
956 3302 1089 3388 antiquis
1111 3301 1305 3388 tempmibus
1325 3315 1429 3384 magna
1464 3348 1465 3352 ,

482 3407 585 3474 facum
607 3407 775 3475 multitudo
798 3409 888 3497 adyti
909 3424 1035 3478 noctem
1058 3409 1304 3492 collustraverit,
1329 3425 1432 3492 neque
1466 3420 1468 3453 ³

483 3517 575 3586 aliam
597 3523 751 3588 rationem
773 3524 866 3610 hujus
888 3523 998 3612 templi
1020 3524 1239 3590 sacerdotibus
1254 3525 1349 3590 fnisse
1364 3539 1431 3580 cen·
1463 3461 1466 3615 l

389 3692 394 3703 .
482 3653 596 3712 semus,
619 3652 818 3721 quam-quae
840 3640 874 3700 in
897 3647 945 3702 tot
966 3635 1075 3700 Italiae
1099 3647 1131 3699 et
1145 3635 1338 3700 Palaestinae
1360 3622 1429 3688 sul)-
1462 3622 1466 3698 l

483 3749 633 3831 terraneis
656 3747 908 3814 Christianorum
936 3744 1061 3820 sacellis
1084 3747 1176 3809 etiam
1197 3763 1283 3807 nunc
1303 3747 1424 3818 tenum,

516 3990 543 4061 ·)
560 3989 593 4048 u
611 3987 670 4047 ca
687 3985 820 4064 mecm
840 3981 926 4043 um.
945 3981 1004 4044 xn.
1022 3987 1071 4056 u,
1085 3985 1128 4046 u.
