3026 4920
113 647 315 714 architectura
337 621 497 732 conjicere
517 640 600 721 lieet,
621 663 716 730 quern
736 659 774 708 cx
795 639 1060 728 inscriptionibus.
1111 654 1186 716 Ρη,
1204 655 1224 716 t,

108 761 226 828 Earum
248 761 330 824 enirn
352 757 570 825 auctoritatem
585 752 626 820 ud
640 752 906 820 determinandum
927 753 1061 843 templo·

107 895 177 938 rum
205 882 340 938 aetatem
369 870 528 934 maximam
556 878 676 954 purtem
697 865 843 932 fallacem
866 887 951 947 esse,
979 867 1060 936 intra

107 982 382 1052 demonstrabitur.
1008 1031 1010 1038 ,

154 1117 157 1124 ·
173 1099 354 1184 Antequam
376 1092 417 1158 ed
431 1077 595 1166 Philonem
609 1090 851 1178 descriptionem
867 1088 1061 1172 accedamus,
1086 1109 1129 1163 De
1147 1128 1223 1167 mm
1241 1130 1259 1166 a

108 1209 174 1288 ille,
196 1230 291 1295 quern
312 1226 406 1291 supra
427 1206 674 1312 memoravimus,
697 1202 913 1290 depingendus
936 1215 1063 1276 estmu-
1072 1183 1270 1324 Plijffifq‘foe

109 1342 179 1398 mss,
207 1341 267 1406 per
293 1316 408 1384 vellem
434 1316 582 1385 incultum
610 1313 684 1380 inde
713 1316 862 1402 asyene
889 1337 993 1403 usquo
1020 1316 1061 1382 ad

110 1430 180 1496 Nili
211 1433 309 1515 ripam
344 1451 381 1494 ex
409 1428 575 1504 adversum
598 1427 708 1508 ¹Philas
741 1426 921 1514 perductus.
977 1427 1061 1496 Fere

114 1544 266 1618 omniurn,
300 1544 355 1627 qui
387 1542 466 1608 haec
497 1541 571 1607 loca
605 1542 823 1617 visitaverunt,
862 1542 1059 1625 sagacitatem

68 1687 70 1694 ⁴
108 1655 315 1741 provocavit..
350 1653 388 1720 Iu
410 1648 593 1720 detinendo
616 1659 771 1738 tempore,
798 1673 862 1738 quo
887 1662 1058 1720 exstructus

105 1767 217 1845 fuerit,
240 1765 404 1852 qualisque
427 1765 495 1852 ejus
516 1773 610 1842 rrsus',
632 1785 741 1830 omnes
765 1761 958 1839 dissentiunt.
1009 1763 1058 1828 Ex

106 1888 355 1965 utrequeparte
376 1875 501 1960 montes
523 1878 627 1963 asperi
648 1878 838 1962 prominent,
862 1897 942 1962 quos
966 1878 1058 1944 certis

106 1989 257 2055 limitibus
286 1989 427 2054 dividere
448 1988 673 2075 hand-operae
692 1991 828 2074 pretium
848 1987 917 2054 fuit
966 1987 1060 2054 Lute-

106 2100 208 2180 ribus,
230 2100 430 2180 solemnis,
452 2123 562 2188 magna
582 2101 713 2167 solertis
735 2101 935 2185 compositus,
957 2099 1059 2166 altitu-

108 2213 215 2281 dnem
240 2235 308 2279 non
337 2195 468 2300 amptius
492 2225 565 2280 octo
587 2213 719 2300 pedum,
753 2211 987 2278 crassitudinem
1009 2235 1058 2277 se·
1109 2219 1118 2242 ⁸

107 2336 195 2410 ptem
215 2324 332 2412 pedum
345 2325 457 2391 labet.
508 2323 679 2393 Nonnullis
700 2323 780 2390 locis
801 2327 1059 2390 variastructura

110 2437 370 2518 animadvertitur,
392 2460 477 2524 quae
497 2435 623 2504 abunde
645 2437 838 2503 demonstrat
859 2458 980 2505 murum
999 2458 1059 2523 per

108 2548 238 2636 longum
259 2551 409 2636 temporis
423 2552 557 2638 spatium
578 2561 741 2626 servatum,
764 2548 930 2635 aliquoties
943 2551 1058 2630 instau-

108 2672 211 2726 ratum
231 2661 337 2728 misse.
387 2652 439 2728 A'd
460 2659 664 2730 difiniendarn
686 2671 819 2728 aetatem
842 2663 924 2747 ejus,
945 2671 1059 2726 noten-

108 2774 184 2840 dum
208 2784 269 2853 est,
297 2773 429 2840 laterum
450 2774 643 2860 singulonrm
666 2772 902 2860 dispositionem
925 2771 1058 2840 eandem

108 2907 194 2966 esse,
221 2884 346 2974 qualem
366 2887 401 2951 in
420 2889 539 2972 ingenti
559 2904 650 2952 mino
674 2880 867 2964 rllreberum,
896 2871 984 2972 cujus
1004 2905 1058 2953 ru-

109 2995 196 3076 dere,
218 3008 384 3064 extremam
405 3008 530 3083 portam
551 2996 735 3089 orientalem
756 2997 922 3082 tangentia,
943 3014 1056 3082 magne
1079 3047 1086 3059 .

112 3129 187 3172 cura
213 3110 436 3195 inquisivimus.
484 3107 703 3179 Burclhardto
732 3109 774 3174 de
801 3129 891 3174 muro
919 3108 1058 3174 Philensi

110 3199 283 3305 quaerenti,
307 3218 440 3286 relatum
461 3230 509 3286 est
530 3219 570 3285 al)
590 3219 712 3300 incolis,
733 3220 841 3310 priscis
863 3218 1056 3308 temporibus

110 3353 185 3396 eum
219 3331 335 3396 canalis
362 3334 459 3418 ripam
486 3332 597 3412 luisse,
630 3354 695 3420 quo
723 3332 791 3397 Nili
817 3355 900 3420 aquia
927 3332 1056 3417 Syenen

107 3441 356 3522 conduceretur,
384 3465 465 3530 quae
479 3447 552 3531 ipsi
579 3465 689 3532 parurn
718 3455 847 3532 accepta
868 3454 917 3510 est
938 3445 1057 3528 opinio,

104 3577 176 3619 cum
205 3553 319 3620 lluvius
346 3575 505 3642 nunquam
532 3557 566 3622 in
600 3578 668 3621 eam
701 3553 894 3622 altitudinem
927 3564 1054 3619 crescat
1099 3603 1104 3618 ,

103 3665 232 3732 Nomen
247 3669 326 3731 muri
340 3667 617 3760 fluit-el-Adschur
630 3705 671 3720 -
683 3689 788 3732 murus
803 3661 999 3747 latericius*)
1013 3701 1055 3716 -·

150 3891 325 4022 ‘iffi-ill
343 3831 469 4002 lasis.
496 3863 1057 4026 nnmmmmuezffllssaz
1127 3989 1130 3995 ,
1226 3957 1228 3964 1

178 4026 240 4088 haee
255 4030 368 4090 addens:
390 4031 448 4092 Tb·
465 4032 621 4092 inhabitants
637 4051 692 4107 say,
712 4031 768 4090 ctae
785 4031 836 4090 this
851 4029 913 4090 well
923 4049 980 4088 was
991 4027 1056 4086 built
