3000 4908
403 455 553 558 aa,

277 645 353 704 Pana
370 643 403 704 ll.
455 642 558 698 autem
590 639 622 695 et
643 627 749 693 Philas
777 625 894 692 insulas
923 629 997 691 item
1026 625 1156 691 militum
1179 625 1339 712 praesidia
1362 631 1423 696 ha-

453 743 575 821 buisse,
603 743 724 807 Noster
746 739 887 805 declarat
909 741 989 821 (820
1011 740 1072 821 B),
1095 739 1151 803 ubi
1172 742 1416 825 impressionem

453 857 646 941 Aethiopum
674 857 707 918 in
737 850 910 918 Thebaidis
939 860 1071 916 tractum
1099 851 1335 918 meridionalem
1361 854 1408 918 la-

455 981 534 1034 etam
562 975 715 1032 memorat
736 962 780 1046 ¹⁸⁵).
840 963 939 1049 Quod
969 963 1009 1028 ad
1037 963 1197 1028 Philarum
1227 964 1404 1051 descriptio-

453 1103 526 1145 nem
550 1081 667 1156 attinet,
690 1081 788 1163 ipsam
807 1075 972 1142 Strabonis
994 1078 1205 1140 narrationem
1229 1076 1412 1143 adscribere

453 1196 542 1280 juvat
563 1214 594 1278 p.
610 1192 684 1268 818,
706 1191 904 1275 interspersis
926 1188 1054 1266 notulis,
1077 1185 1191 1273 quibus
1214 1198 1329 1254 statum
1355 1201 1413 1254 ter-

454 1327 509 1370 rae
537 1303 724 1370 hodierntnn
753 1324 824 1366 cum
851 1311 961 1367 vetere
991 1322 1217 1387 comparemus.
1268 1301 1414 1367 Visitatis

453 1413 680 1505 principalibus
708 1415 849 1500 Aegypti
875 1411 1023 1492 urbibus,
1051 1435 1153 1500 usque
1183 1412 1223 1478 ad
1251 1412 1417 1500 Elephan-

454 1533 541 1594 tinen
569 1528 703 1593 insulam
733 1537 765 1592 et
794 1525 979 1592 cataractam
1001 1526 1099 1592 lluvio
1123 1537 1231 1591 vectus
1255 1531 1413 1612 pervenit.

460 1641 528 1706 Τοῦ
551 1640 586 1706 δὲ
607 1635 816 1728 καταράκτου
837 1631 955 1727 μικρὸν
977 1632 1087 1702 ἐπάνω
1109 1633 1170 1714 τὰς
1197 1639 1306 1716 Φίλας
1328 1636 1417 1703 εἶναι

456 1753 645 1837 συμβαίνει,
675 1745 791 1832 κοινὴν
812 1751 984 1816 κατοικίαν
1005 1744 1188 1815 Αἰθιόπων
1209 1773 1244 1814 τε
1266 1752 1324 1815 καὶ
1349 1753 1416 1816 Αί-

452 1866 610 1950 μυιιτίιον,
638 1865 943 1948 κατεσκευασμένην
964 1857 1015 1944 **)
1038 1855 1142 1950 ὥςπερ
1164 1863 1220 1928 καὶ
1242 1855 1304 1942 τὴν
1321 1854 1417 1928 Ἕλε-

454 1978 620 2066 ςταντίνην
630 1974 708 2058 m)
730 1977 786 2040 καὶ
808 1968 847 2040 τὸ
862 1974 1008 2060 μέγεθος
1022 1971 1099 2053 ’ίσην
1113 1973 1158 2055 †),
1181 1967 1254 2062 tend
1269 1975 1417 2058 ἔχουσαν

452 2082 620 2173 Αἰγύπτια
642 2088 717 2169 ††),
739 2082 824 2153 ὅπου
845 2087 902 2152 καὶ
925 2078 1041 2174 ὄρνεον
1062 2087 1206 2172 τιμᾶται,
1229 2079 1249 2150 ὃ
1271 2087 1417 2153 καλοῦσι

488 2279 516 2350 *l
545 2285 589 2335 καὶ
612 2278 645 2353 τῇ
670 2277 773 2352 φρουρᾷ
799 2276 851 2331 τῶν
869 2275 945 2344 τριῶν
964 2275 1072 2351 σπειρῶν
1089 2275 1140 2330 τῶν
1158 2279 1226 2332 κατὰ
1244 2277 1349 2352 Συήνην
1366 2286 1419 2335 καὶ

521 2364 702 2439 Ἐλεφαντίνην
720 2370 764 2419 καὶ
782 2369 872 2425 Φίλας.
892 2395 924 2405 -

489 2455 529 2522 ⁴¹⁸)
548 2451 582 2509 cl.
594 2450 764 2508 Letronnium
782 2453 810 2507 in
826 2451 947 2506 versione
960 2446 1108 2505 Strabonis.
1119 2447 1196 2507 Tom.
1207 2448 1239 2507 V.
1258 2471 1315 2528 pag.
1334 2453 1402 2509 1128.

488 2539 532 2612 ’“)
550 2537 639 2596 Philae
656 2537 749 2607 insula,
765 2538 861 2615 partim
879 2537 911 2592 ab
928 2535 1102 2614 Aethiopibus
1119 2538 1213 2614 partim
1226 2537 1257 2593 ab
1270 2537 1416 2615 Aegyptiis

524 2625 652 2694 habitate,
678 2626 742 2681 satis
769 2622 943 2689 doctrinabat,
970 2621 1014 2679 illo
1042 2631 1161 2699 tempore
1184 2642 1303 2698 magnum
1326 2625 1414 2683 luisse

524 2713 709 2772 commercium
734 2713 804 2766 inter
825 2709 974 2788 Aegyptum
1001 2718 1028 2765 et
1049 2707 1204 2786 Aethiopiae
1226 2721 1314 2788 partes
1339 2713 1414 2787 adja-

524 2811 622 2860 centes.
662 2799 739 2855 Nunc
757 2797 873 2854 Arabum
897 2807 925 2853 et
941 2796 1076 2854 Nubamm
1098 2799 1194 2874 stirpes
1212 2817 1265 2854 non
1281 2807 1354 2856 tanta
1372 2804 1413 2858 vi·
1487 2835 1488 2848 ι

421 2939 425 2948 a
525 2890 592 2945 cinia
620 2887 749 2943 habitant:
777 2883 968 2962 Elephantinen
994 2893 1022 2940 et
1044 2877 1152 2959 Syenen
1175 2882 1275 2942 Arabes
1304 2896 1411 2954 tenent;

523 2974 608 3032 media
626 2976 654 3030 in
671 2981 813 3038 cataracta,
830 2975 858 3028 in
876 2974 932 3050 ripa
951 2969 1083 3037 orientali,
1102 2991 1183 3050 pagus
1202 2974 1244 3028 cui
1259 2971 1340 3027 Birhe
1358 2994 1411 3029 no·
1487 2960 1488 2970 ί

523 3083 584 3119 men
601 3062 700 3140 primos
712 3059 802 3115 Nubes
818 3058 917 3115 incolas
935 3058 1021 3127 habet,
1039 3059 1084 3135 qui
1100 3057 1187 3135 lingua
1198 3058 1312 3115 Barabra
1329 3065 1411 3117 ntun'-

523 3159 579 3217 tur,
606 3157 634 3202 et
655 3147 791 3204 meridiem
811 3165 904 3202 versus
926 3165 1008 3222 usque
1032 3135 1065 3200 a'd
1088 3145 1228 3202 secandam
1251 3155 1410 3204 cataractam

523 3233 766 3292 Wadi-Hellenaem
784 3235 929 3310 pertinent3
947 3231 1035 3288 Philae
1053 3251 1137 3309 paene
1150 3231 1289 3307 derelictae
1301 3243 1362 3294 sunt
1375 3236 1408 3291 ab

522 3322 628 3387 incolis;
652 3329 797 3376 mercatura
814 3319 970 3394 languescit,
996 3338 1056 3372 nam
1073 3329 1179 3394 praeter
1196 3319 1327 3394 dactylos,
1347 3341 1402 3398 ory-

522 3429 578 3465 zam
600 3406 700 3483 aliaque
723 3406 756 3462 ad
775 3408 873 3462 vietum
895 3405 1041 3460 necessaria
1058 3423 1142 3481 paene
1159 3403 1229 3462 nulla
1245 3425 1319 3462 merx
1337 3415 1408 3464 cata-

522 3505 619 3552 ractam
637 3497 737 3550 transit.

486 3580 520 3654 †)
543 3580 624 3655 Quod
641 3583 664 3637 si
687 3579 720 3637 ad
736 3577 834 3635 insulas
851 3577 1000 3644 referimus,
1023 3575 1132 3632 multum
1150 3597 1165 3630 a
1181 3594 1245 3629 vero
1263 3574 1413 3650 dhcrepat‚

522 3687 581 3726 oum
598 3667 770 3744 Elephantine
788 3664 875 3721 Philas
897 3672 940 3720 ter
957 3672 1080 3738 quaterve
1099 3661 1208 3716 circuitu
1225 3667 1346 3736 superet3
1370 3666 1411 3722 ad

521 3761 659 3809 κατοικίαν
677 3750 841 3809 referendum
860 3769 919 3806 ease
930 3751 982 3822 jam
993 3751 1095 3805 monuit
1104 3745 1265 3803 heti-oranius
1277 3745 1294 3802 l.
1306 3743 1338 3812 l.;
1356 3767 1409 3826 op.

520 3837 582 3942 pidp
595 3838 733 3942 'videlieet
753 3841 781 3895 in
803 3847 913 3913 utraque
935 3833 1019 3906 insula
1042 3834 1159 3909 ejusdem
1180 3831 1285 3891 luerunt
1305 3839 1407 3908 magni.

484 3924 625 4086 filullndh
642 4009 853 4088 Aethiopicam
876 4007 947 4086 quod
968 4007 1061 4066 sedulo
1084 4007 1225 4067 notandum
1247 4009 1405 4066 existimavit
