3026 4920
1030 441 1078 514 85

129 667 133 676 -
184 619 374 696 Aedifieium
397 618 454 702 (L)
476 614 537 686 sub
560 617 731 694 orientem,
751 613 907 702 pylonum
930 614 988 680 alis
1011 614 1074 696 (0¹

118 735 190 814 N¹)
226 735 425 820 contiguum,
458 730 599 818 porticus
636 739 684 793 est
710 737 860 806 venusta,
894 726 985 793 nullo
1014 727 1078 794 alio

117 846 234 914 damno
258 845 362 922 laesa,
388 843 449 908 nisi
472 839 561 928 quod
584 839 719 926 capitula
742 839 897 906 nonnulla
911 841 1080 908 'columna

114 981 184 1024 rum
214 969 288 1024 sunt
317 956 450 1042 dejecta.
504 955 543 1018 ln
569 951 774 1019 conclavibus
797 957 915 1039 parvis,
943 955 1081 1043 porticui

117 1069 354 1157 adjacentibus,
383 1047 417 1135 id
445 1065 538 1132 nohis
566 1068 746 1130 inusitatum
773 1070 873 1132 visum
901 1078 961 1144 est,
992 1065 1081 1156 quod

119 1185 275 1270 cujusque
299 1201 440 1244 camerae
468 1182 564 1265 janua
586 1199 653 1244 non
675 1180 708 1246 in
729 1177 835 1243 medio
858 1183 994 1266 pariete,
1022 1177 1081 1244 sed

119 1299 155 1359 in
183 1295 284 1360 latere
313 1291 422 1356 dextro
451 1294 556 1378 posita
586 1302 649 1367 est3
677 1270 820 1356 ultirbmn
842 1292 995 1358 conclave
1017 1311 1081 1358 me·

123 1404 287 1470 ridionale'
297 1405 369 1486 (L),
392 1407 478 1494 cujus
502 1414 619 1470 tectum
642 1414 674 1471 et
695 1407 833 1491 parietes
855 1408 952 1470 ruinis
977 1408 1082 1471 conci-

127 1516 256 1595 derunt,
280 1517 348 1583 alae
371 1517 465 1600 (w)
488 1515 571 1580 fines
594 1515 695 1581 multo
720 1516 854 1593 excedis
879 1555 920 1568 -
942 1517 1081 1582 vestibu-

123 1629 190 1696 lum
212 1651 341 1716 quoque
365 1631 464 1711 (L1),
492 1633 525 1696 in
550 1629 649 1695 altera
671 1639 761 1715 parte
784 1631 929 1716 positum,
950 1629 1080 1694 insolito

122 1741 219 1810 modo
254 1745 390 1829 porticui
419 1742 575 1830 adjectum
604 1752 661 1807 est.
718 1742 889 1808 Manifesta
918 1753 966 1806 est
994 1741 1081 1813 aedis

119 1857 359 1932 inconcinnitas,
382 1857 409 1917 si
432 1876 450 1918 e
472 1866 557 1934 tecto
582 1877 650 1920 eam
674 1856 906 1932 examinaveris,
930 1853 969 1920 ad
993 1853 1081 1940 quod

121 1990 181 2054 per
208 1989 337 2052 parvam
366 1969 492 2052 januam
520 1969 580 2050 (a)
608 1966 774 2054 scalasque
809 1969 842 2030 in
872 1965 1002 2054 pylonis
1032 1965 1082 2032 ala

123 2079 226 2145 aditus
271 2090 327 2144 est.
395 2080 472 2145 Non
516 2083 597 2145 enim
641 2082 714 2146 satis
758 2089 857 2145 tutum
900 2078 1081 2159 videbatur,

121 2215 220 2258 unum
247 2203 362 2256 tectum
391 2190 551 2280 lapideum
586 2203 832 2278 superponerc,'
855 2192 1081 2278 columnasque

1134 629 1208 688 Pnns
1226 605 1259 686 l.⁸

1126 744 1252 796 Porticus

1118 815 1264 868 orientalia.
1306 883 1307 890 ἵ

123 2308 206 2370 saxis
244 2303 420 2391 ingentibus
457 2327 528 2370 eum
568 2326 658 2376 muro
697 2307 905 2392 conjungere,
946 2327 1082 2396 quapro-
1126 2341 1150 2364 ο.

124 2428 197 2504 pter
229 2428 342 2482 tectum
376 2440 465 2485 novo
502 2428 587 2482 tecto
615 2417 794 2494 firmarunt3
828 2419 916 2503 cujus
944 2417 1081 2508 lapides,

125 2528 231 2593 rudius
255 2528 568 2616 exscalpti,p1imum
591 2529 744 2617 pylonem
768 2541 861 2595 acuto
878 2529 993 2616 angulo
1016 2541 1083 2599 tan-

125 2653 214 2730 gunt,
244 2641 333 2729 quod
355 2641 440 2706 illam
462 2641 599 2714 aedificii
622 2641 861 2730 discrepantiam
883 2664 951 2708 non
972 2664 1082 2731 parum

123 2766 226 2840 auget.
272 2753 421 2830 Similiter
443 2753 577 2831 Thebis,
600 2753 641 2818 ad
664 2755 816 2842 oppidum
838 2754 985 2834 Kamai,
1013 2778 1083 2841 par·
1202 2775 1206 2780 ·

123 2891 197 2932 vum
219 2866 370 2954 templum
394 2869 574 2952 panificum
596 2866 660 2933 allo
689 2871 809 2954 majore
835 2867 970 2948 calcario
994 2871 1083 2953 quasi

129 2981 255 3065 capsula
281 2978 436 3044 inelusmn
467 2989 529 3055 θεῖς
559 2979 647 3068 quod
676 2992 779 3046 autem
803 2979 922 3045 Thebis
949 2983 982 3044 in
1012 3001 1082 3045 san-

131 3094 262 3164 ctissimo
293 3090 413 3158 sacello
443 3091 643 3171 factumest,
670 3091 704 3157 id
733 3096 835 3178 ipsum
850 3093 953 3195 beilis
975 3093 1082 3178 Aegy-

130 3206 186 3290 ptii
206 3207 239 3268 in
268 3203 412 3273 aedificio
442 3204 630 3274 secundario
661 3229 730 3271 esse
759 3205 944 3284 voluerunt,
975 3227 1081 3290 neque

129 3317 293 3404 quisquam
328 3319 400 3395 erit,
441 3320 495 3404 qui
527 3340 596 3384 non
629 3317 749 3396 videat,
785 3329 901 3384 tantam
935 3339 1081 3382 saxorum

125 3427 368 3514 molemmegis
401 3427 440 3495 ad
474 3429 693 3509 evemendum,
728 3452 821 3515 quam
856 3429 897 3496 ad
930 3430 1080 3496 tuendum

124 3539 308 3623 aedifieimn
342 3550 439 3607 ¹tecto
481 3545 617 3630 imponi.
690 3543 762 3607 Jam
806 3545 965 3608 irruerunt
1007 3563 1080 3606 saxa

123 3651 298 3730 nonnula,
341 3651 465 3740 aliaque
501 3651 592 3719 brevi
628 3646 836 3720 collabantur.
904 3657 989 3720 Tota
1024 3653 1081 3719 illa

126 3767 234 3852 templi
255 3776 355 3854 parte,
376 3769 547 3853 praecipue
569 3769 603 3833 in
624 3769 735 3854 januis,
758 3778 844 3832 tanta
865 3770 911 3850 vis
932 3766 1080 3832 rodanim

131 3890 276 3965 congesta
305 3889 367 3958 est,
401 3889 436 3945 ut
464 3883 625 3946 maximam
654 3878 901 3966 ingredientibus
930 3879 1081 3971 objiciant
1179 3913 1182 3920 ·

823 3989 881 4056 3ss

359 4057 376 4094 2
402 4085 404 4088 .

1457 841 1471 878 t
