3000 4908
270 564 345 624 Pras
365 565 398 624 lt.
525 556 770 632 Praetermissis‚
799 573 882 639 quae
904 557 1140 642 peregrinantes
1163 555 1282 622 saeculi
1303 557 1411 627 XVII.

278 679 402 764 Viatores
447 657 655 745 tradiderimt,
675 651 864 753 plerumque
885 668 1005 734 incerta
1026 667 1080 732 vel
1103 691 1172 734 cum
1196 668 1282 735 salsis
1305 674 1410 753 mixta,

253 762 418 804 'mmm'
448 783 578 878 pr'imam
613 779 773 845 Philarum
811 761 986 845 accuratam
1021 783 1164 848 notitiam
1198 756 1295 847 dedii
1318 783 1403 849 Frid.
1475 783 1476 842 i

448 892 679 960 Nordenius
703 890 754 974 *)‚
778 894 832 979 qui
854 913 938 958 anno
963 894 1049 962 1737
1072 905 1234 981 permeata
1255 896 1396 982 Aegypto

447 987 560 1103 magna
594 1027 663 1072 cum
692 1009 929 1092 perseverantia
956 1027 1057 1092 usque
1088 1005 1129 1074 ad
1158 1006 1311 1094 oppidum
1340 1009 1400 1072 Nu-

448 1118 560 1186 hiense
595 1119 682 1183 Dem·
715 1119 879 1206 processit.
943 1116 1100 1203 Tabulam
1137 1119 1260 1184 insulae
1302 1141 1406 1184 exara·

448 1235 509 1312 vit,
552 1253 659 1318 neque
702 1241 808 1298 tamen
852 1253 934 1317 quae
975 1242 1095 1326 rectum
1131 1237 1408 1298 mimmnentorum

448 1347 540 1410 situm
563 1343 719 1410 ostendat.
758 1345 876 1440 Varios
898 1344 1057 1440 Philarum
1079 1356 1268 1432 prospectus
1291 1354 1323 1408 et
1346 1347 1408 1408 sin-

448 1455 536 1544 gulas
559 1455 749 1544 templorum
771 1467 877 1543 partes
902 1459 1055 1552 expressit
1076 1455 1191 1525 tabulis
1208 1441 1406 1522 136-'13e

444 1571 648 1638 lto-144.
695 1569 777 1636 Cum
804 1591 863 1657 per
884 1591 980 1638 unam
1002 1580 1121 1638 tantum
1142 1579 1270 1635 noctem
1291 1567 1338 1634 ibi
1358 1590 1407 1632 re-

447 1685 610 1760 manserit,
639 1681 691 1747 die
713 1696 868 1770 sequente
892 1704 910 1747 a
931 1679 1036 1748 Nubis
1059 1681 1199 1770 fugatus,
1227 1703 1339 1768 magna
1356 1667 1409 1744 'di-
1475 1671 1476 1690 ³

448 1797 577 1884 ligantia
602 1797 713 1882 quaeri
735 1817 803 1861 non
817 1806 926 1882 potest
941 1798 975 1860 in
990 1793 1116 1860 tabulis.
1149 1793 1269 1860 Nullos
1284 1793 1340 1882 ille
1360 1796 1409 1888 in-

448 1908 536 1976 colas
563 1911 598 1974 in
626 1906 730 1982 insula
757 1911 883 1993 reperit.
942 1907 1069 1975 Eodem
1098 1929 1184 1972 anno
1213 1908 1301 1972 Rich.
1332 1906 1407 1971 Po-

449 2019 614 2086 cockius
640 2007 821 2108 Aegyptum
844 2024 1040 2108 superiorem
1061 2023 1212 2099 visitavit,
1239 2022 1409 2106 magnique

420 2133 558 2222 „templi
586 2133 741 2199 Philensis
775 2133 914 2200 tabulam
941 2136 1125 2220 proposuit,
1161 2131 1268 2198 addita
1294 2153 1410 2196 monu-

447 2259 626 2315 mentorum
658 2246 808 2316 uberiore
842 2245 1055 2333 descriptione
1083 2243 1149 2326 Μ’).
1204 2245 1321 2330 Neque
1355 2246 1411 2308 hic

447 2364 497 2426 vir
527 2363 668 2450 egregius
698 2359 753 2424 diu
774 2359 819 2425 ibi
842 2369 1052 2426 commoratus
1075 2369 1137 2437 est,
1165 2355 1223 2426 sed
1244 2354 1408 2423 Arahihus

446 2473 610 2539 infestatus
625 2473 731 2538 furtim
746 2475 836 2559 quasi
850 2471 968 2557 templa
983 2473 1119 2536 visitavit
1130 2480 1161 2534 et
1177 2468 1334 2534 dimetitus
1350 2478 1408 2546 est,

447 2587 481 2653 id
497 2584 586 2673 quod
603 2584 808 2651 delineationi
823 2587 915 2652 ctiam
930 2583 1150 2650 detrimentum
1165 2582 1278 2646 intulit
1316 2579 1407 2645 Idem

315 2732 323 2749 ·
447 2703 481 2768 in
502 2699 728 2779 Denonium
744 2693 823 2778 ***)
846 2696 943 2776 cadit,
966 2699 1017 2762 cui
1037 2699 1120 2761 inter
1141 2694 1306 2761 tumultum
1326 2693 1407 2758 mili-

447 2825 546 2880 tarem
574 2809 802 2901 perscrutanda
830 2810 895 2906 fuit⁸
915 2808 1027 2876 insula.
1076 2808 1249 2893 Postquam
1271 2829 1331 2894 per
1352 2809 1407 2871 tri-

448 2925 544 2990 duum
558 2921 762 3010 Francogalli
774 2921 881 2988 Philas
896 2920 1065 2989 obsidione
1080 2929 1268 3006 presserant,
1289 2929 1404 3006 quarto

391 3053 394 3064 '
447 3038 515 3118 die,
536 3035 655 3102 ratibus
678 3039 865 3126 constructis
886 3033 995 3100 Nilum
1018 3037 1213 3122 transgressi,
1242 3041 1405 3117 ceperunt,

445 3149 576 3228 incolis,
601 3147 715 3235 quilms
737 3147 855 3215 referta
877 3159 945 3214 erat
966 3147 1077 3228 insula,
1099 3146 1259 3214 trucidatis
1280 3142 1334 3208 vel
1355 3144 1404 3207 iu-

445 3265 533 3350 gau's.
581 3262 685 3348 Quam
707 3261 877 3328 Denonius
899 3263 1067 3348 proposuit
1088 3257 1228 3326 tabulam
1250 3257 1311 3342 (Pl.
1336 3259 1402 3338 70),
1474 3269 1476 3392 p

1322 3369 1397 3444 mui-

445 3431 649 3448 Μ

517 3558 581 3616 quas
610 3535 719 3606 habeut,
746 3534 871 3614 praesidii
892 3533 993 3592 ferendi
1015 3542 1113 3600 testes,
1139 3531 1252 3606 ideoque
1275 3531 1308 3586 ab
1330 3523 1401 3584 omui

515 3623 636 3702 vectigali
655 3634 682 3680 et
699 3622 831 3701 stipendio
849 3624 977 3678 immunes
995 3629 1064 3675 sunt.

480 3712 508 3784 ⁸³)
536 3711 647 3771 Norden
668 3709 791 3784 Voysges
818 3707 859 3764 ed.
883 3703 997 3778 Langlis.
1042 3703 1116 3758 Paris
1140 3701 1216 3754 1795.
1244 3697 1298 3748 tto.
1321 3690 1403 3754 Tom,

479 3798 747 3956 sdif'iiiiii
763 3876 935 3958 neseapaou
952 3872 984 3930 or
996 3873 1041 3929 sse
1058 3869 1132 3930 nas.
1145 3866 1206 3926 vu.
1217 3865 1237 3926 1.
1249 3865 1287 3925 m.
1299 3864 1400 3927 xum.

477 3968 827 4126 *igaglidiiinoffisoyage
845 4067 879 4106 en
895 4045 1005 4126 Egypte.
1024 4044 1099 4104 Paris
1117 4045 1194 4102 1802.
1212 4041 1256 4100 iol.
