3004 4922
1016 459 1071 511 vn

112 619 270 720 matrimi
303 615 419 722 pretii
453 636 538 690 esse
572 629 705 714 neque
737 611 822 688 ullo
855 608 986 714 modo
1016 608 1070 688 fa-

111 721 184 830 cile
198 738 377 844 superari
393 759 521 838 posse,
538 759 681 816 omnes
695 733 842 836 harum
858 756 994 832 rerum
1004 759 1072 840 pe,-

110 866 174 945 riti
202 859 464 966 consentient.
510 857 708 935 Tabulam
723 858 753 944 I.¹
780 855 978 960 opusculo
1000 880 1072 944 no-

110 1003 194 1078 stro
221 984 425 1088 adjectam,
452 978 599 1082 Gallica¹
625 977 764 1082 tabula
780 1001 865 1062 noo
886 977 1073 1084 adhibita

112 1135 188 1191 nos
222 1100 527 1202 delineavimus,
566 1124 741 1200 quacum
773 1100 947 1198 omnino
978 1124 1073 1190 ron.-

111 1230 235 1328 grnit3
251 1239 422 1324 utraque
436 1222 596 1304 insulae,
608 1216 786 1301 formam
801 1217 965 1330 praebet
982 1247 1072 1312 eatt-

113 1351 229 1436 dem,
262 1368 400 1448 neque,
428 1343 503 1434 uisi
536 1344 580 1441 in
610 1342 791 1446 minutiis
825 1345 1071 1446 quibusdam

114 1450 653 1570 diffe1·entiaminrenimus,
683 1466 775 1572 loco
803 1492 877 1568 suo
906 1494 927 1547 a
952 1467 1072 1549 nobis

55 1613 59 1622 ’
113 1603 302 1685 notatam.
351 1587 533 1685 Medium
563 1589 744 1694 fluminis
771 1603 934 1696 auctum
960 1589 1071 1696 adhi-

113 1713 296 1802 huimus‚
330 1711 458 1816 qualis
490 1735 574 1794 esse
606 1712 709 1816 solet
734 1712 863 1818 mensi
889 1717 1070 1817 Augusto

114 1834 176 1910 vel
200 1834 401 1938 ,Ianuario
446 1837 526 1910 Pro
552 1849 711 1912 nostrae
735 1835 894 1938 tabulae
918 1835 1072 1940 magni-

115 1956 256 2034 tudine
282 1954 556 2032 dimensiones
582 1972 737 2034 nostras
763 1958 855 2034 satis
873 1972 1072 2033 accuratas

114 2102 198 2154 esse
222 2079 506 2188 perspeximus.

187 2203 296 2294 Quas
320 2199 363 2273 in
388 2199 522 2276 tabula
548 2201 595 2275 II.
621 2197 772 2276 formas
798 2201 1072 2303 expressimus,

113 2346 159 2398 ex
191 2343 340 2420 magno
375 2323 701 2424 apographorum
735 2338 969 2400 nostrorum
996 2349 1070 2400 nu-

112 2466 228 2520 mero
254 2443 431 2532 selectas,
460 2443 511 2520 ad
538 2442 846 2546 descriptionem
873 2445 1070 2522 illustran-

116 2563 210 2640 dam
235 2566 479 2642 necessan'ae
504 2577 606 2640 sunt.

186 2689 246 2764 De
270 2688 392 2780 rebus
412 2686 727 2764 architectonicis
744 2713 788 2764 ea
805 2701 962 2764 tantum
980 2715 1069 2766 mo-

113 2809 296 2899 nuimus,
328 2805 432 2909 quac
457 2809 646 2885 accuratis
671 2811 871 2886 mensuris
905 2809 1067 2887 definita

113 2926 165 3004 ad
194 2929 422 3028 generalem
454 2931 545 3006 artis
578 2931 836 3031 Aegyptiacae
870 2934 1065 3032 cognitio-

113 3075 209 3127 nem
240 3050 563 3129 constituendam
586 3053 740 3137 ,valent3
779 3053 865 3128 aliis
895 3055 1067 3157 peregri-

112 3175 301 3250 nantibus
326 3174 629 3250 incitamentum
664 3173 751 3251 fore
777 3200 983 3277 speramus
1016 3177 1066 3252 ad
1129 3215 1134 3224 ·

110 3319 320 3372 mensuras
339 3296 525 3372 certiores
544 3295 751 3387 eruendas,
768 3313 823 3386 ut,
841 3298 1065 3375 multorum

109 3418 377 3519 templorum¹
398 3418 697 3519 comparatione
735 3419 868 3496 habita
902 3421 1068 3518 diligen-

110 3542 222 3630 tiore,
250 3539 300 3616 de
327 3539 575 3636 singularum
601 3543 775 3642 partium
800 3542 955 3620 ratione
973 3567 1067 3645 pro·

109 3664 302 3742 nunciare
335 3661 463 3750 liceat,
502 3687 601 3763 quas
632 3686 859 3754 mensurae,
892 3691 913 3741 a
947 3664 1067 3760 nobis

109 3787 320 3881 neglectas,
361 3786 403 3872 in
444 3783 707 3887 expeditionis
741 3786 912 3864 Gallicae
944 3809 1066 3890 opere

112 3898 254 3982 frustra
280 3907 558 4007 quaesivimus.
