3000 4908
284 659 359 715 Pano
378 655 401 713 ΙΙ

458 467 507 540 66

459 647 574 732 tiguam
607 645 758 729 majorem
796 643 990 705 minoremve
1026 658 1091 705 uno
1120 642 1249 706 nomine
1277 661 1425 729 compre-

459 756 555 823 hendi
578 775 674 842 posse
700 791 744 802 —
774 756 864 817 sicuti
887 764 1061 819 cataractae
1085 756 1172 838 regio
1196 752 1237 818 ab
1259 753 1423 822 Arabihus

458 865 641 935 Schellal
657 866 771 931 dicitur
787 903 838 944 -,
860 865 997 951 singulas
1014 877 1117 931 autern
1132 887 1321 953 sparsasque
1340 871 1419 934 insu

457 982 504 1046 las
542 981 679 1066 cujusvis
711 977 835 1044 insulae
862 977 976 1042 incolis
1006 976 1130 1042 diversa
1161 976 1410 1046 denominatione

459 1089 697 1176 distinguendas
722 1089 828 1155 fuisse.

526 1202 666 1268 Omnino
696 1201 931 1290 disquisitiones
960 1201 1001 1266 de
1028 1206 1190 1267 nominum
1215 1207 1421 1291 propriorum

460 1327 568 1404 etymo
597 1317 686 1402 parvi
713 1317 864 1380 momenti
892 1325 979 1392 stmt,
1012 1316 1129 1378 minimi
1162 1326 1265 1381 autem
1293 1317 1422 1383 urbium

460 1427 686 1507 derivationem
717 1449 799 1514 quac
829 1426 870 1491 ad
891 1427 1050 1492 historiam
1076 1437 1107 1492 et
1130 1430 1354 1516 geographiam
1379 1431 1424 1496 di-

459 1540 658 1607 lucidandam
681 1557 791 1628 pamm
814 1550 850 1604 ut
871 1549 995 1628 constat
1017 1539 1193 1604 conferunt.

264 1666 434 1736 Scriptorum
527 1654 610 1721 Cum
637 1657 670 1719 iu
700 1651 927 1718 dissertationis
955 1653 1045 1716 initio
1075 1655 1259 1738 opinionem
1289 1676 1328 1718 ex
1353 1679 1422 1721 mo·
1479 1640 1482 1650 ’

263 1737 427 1791 testimonio.

457 1776 679 1833 numentotum
720 1765 929 1851 dispositione
967 1761 1061 1829 uobis
1101 1761 1267 1850 probatam
1307 1769 1423 1834 attule-

459 1879 568 1958 rimus,
598 1878 704 1944 Philas
732 1876 864 1942 insulam
894 1878 1064 1961 antiquitus
1090 1897 1158 1942 nou
1181 1878 1222 1942 ad
1244 1880 1423 1966 Aegyptio

459 2015 527 2058 rum
556 2011 686 2078 regumn
713 1991 916 2076 pertinuisse,
946 2007 1065 2073 operae
1093 1991 1228 2075 pretium
1255 1999 1317 2070 est,
1345 1999 1424 2058 scri-

460 2115 586 2192 ptorum
609 2123 676 2167 non
698 2102 801 2167 sohun
825 2099 866 2166 de
888 2103 947 2164 hac
969 2085 1071 2165 insula
1093 2101 1151 2167 sed
1174 2105 1266 2167 etiam
1290 2103 1331 2168 de
1348 2105 1424 2170 fini-

459 2217 520 2282 bus
553 2217 693 2302 Aegypti
724 2210 983 2278 meridionalibus
1012 2215 1189 2278 testimonia
1221 2218 1254 2279 in
1287 2214 1425 2284 brevem

462 2339 666 2414 conspectum
696 2347 827 2414 ponere.
880 2325 953 2411 Qua
983 2327 1015 2388 in
1044 2344 1079 2388 re
1103 2329 1225 2420 egregie
1247 2349 1308 2420 nos
1330 2331 1426 2416 juva-
1490 2331 1491 2354 ¹

462 2453 542 2520 runt,
566 2443 620 2528 qui
642 2443 728 2526 prius
751 2441 824 2504 huic
846 2441 893 2503 rei
916 2425 1045 2523 operam
1068 2435 1225 2504 dederuut
1239 2437 1288 2521 ⁴⁸⁵),
1301 2462 1425 2530 meque

462 2555 568 2620 denuo
593 2552 633 2618 ad
657 2575 724 2618 eam
746 2549 965 2638 inquirendam
987 2549 1224 2631 accederemus,
1257 2575 1327 2618 cum
1354 2555 1424 2641 jam

462 2663 503 2730 ah
525 2663 704 2730 hominihus
727 2651 983 2750 ingeniosissimis
1005 2673 1136 2728 tractata
1154 2667 1201 2743 sit,
1223 2666 1283 2729 nisi
1305 2653 1343 2730 eJr
1358 2668 1422 2735 illo

461 2791 603 2862 tempore
630 2780 786 2842 viatorum
816 2797 890 2840 cura
919 2783 951 2840 et
979 2774 1131 2840 industria
1158 2777 1255 2842 multa
1276 2799 1362 2845 nova
1385 2794 1423 2848 et

461 2947 661 2962 ...m

530 3072 622 3119 mone,
645 3052 760 3129 qu'eut'rn
776 3051 802 3108 le
819 3073 882 3110 nom
899 3053 1073 3134 Elephanh'ne
1090 3053 1157 3110 u'cst
1174 3063 1248 3111 autre
1266 3054 1345 3114 chose
1364 3078 1421 3134 que

531 3137 599 3195 errlui
623 3138 656 3195 de
674 3138 763 3195 Philae
787 3139 884 3196 traduit
905 3163 939 3198 eu
961 3159 1035 3218 grec,
1059 3151 1087 3198 ct
1109 3160 1159 3217 quc
1182 3141 1250 3200 celui
1271 3141 1305 3200 de
1327 3143 1427 3202 Philae·

531 3234 573 3282 est
593 3223 618 3281 le
636 3245 699 3282 num
717 3227 821 3303 antique
833 3227 1035 3306 d¹Elephantine
1053 3248 1116 3285 avec
1133 3249 1184 3284 une
1202 3229 1280 3286 hualc
1292 3251 1420 3309 grecque‚
1479 3247 1487 3262 ’

530 3335 565 3370 ou
587 3323 652 3391 peut
675 3315 854 3388 conjecturer,
878 3333 929 3391 que
947 3315 1014 3390 judis
1031 3325 1120 3371 tontes
1137 3335 1183 3371 ces
1200 3315 1249 3373 iles
1268 3319 1419 3396 repandues

529 3399 595 3460 daus
613 3399 638 3458 le
655 3401 750 3467 heure,
769 3400 906 3460 atu-dessus
924 3411 952 3458 et
967 3400 1123 3460 arr-descous
1141 3400 1175 3457 de
1192 3401 1217 3458 la
1234 3401 1357 3461 demiere
1375 3427 1412 3464 cc·

529 3497 641 3556 tereste,
670 3488 806 3563 portoient
828 3487 853 3543 le
882 3507 945 3544 nom
971 3507 1094 3544 commun
1118 3485 1152 3543 de
1177 3485 1221 3544 fil.
1265 3489 1423 3560 J’ajoirterai

529 3594 580 3630 one
602 3594 739 3651 remarque
762 3573 889 3641 dricisive,
912 3583 979 3631 c'est
996 3593 1048 3648 que
1065 3570 1089 3628 la
1107 3571 1185 3628 finale
1203 3574 1282 3649 qu'ou
1300 3595 1314 3628 a
1330 3576 1425 3643 jointe

530 3681 563 3717 uu
580 3671 637 3716 mot
653 3659 692 3717 fil
709 3669 752 3715 est
768 3657 793 3715 le
811 3663 885 3735 signe
904 3659 937 3716 de
953 3657 978 3716 la
995 3657 1123 3736 pluralite.
1143 3687 1175 3701 —-

415 3799 418 3806 ,
494 3747 517 3814 ⁸.)
537 3744 936 3805 Creucerusincommeutt.
949 3743 1078 3802 Herodot.
1095 3763 1121 3820 p.
1141 3745 1193 3798 lto
1210 3761 1269 3820 sqq.
1304 3738 1423 3800 Ritte.

529 3851 582 3888 rus
605 3834 632 3888 in
655 3829 751 3906 Geogr.
775 3830 793 3888 1.
817 3851 844 3908 p.
866 3834 919 3888 680
940 3852 998 3908 sqq.
1040 3829 1248 3888 Niebuhrius
1269 3827 1340 3910 epod
1363 3829 1421 3890 Ga·
1484 3827 1485 3842 ¹

528 3918 598 3972 vium
616 3920 753 3994 pisqq.
