3000 4908
1061 347 1109 419 69

233 525 407 612 Quomodo
444 535 516 590 ante
539 523 757 589 Psammetichi
792 533 925 588 aetatem
952 543 1003 589 res
1037 544 1108 589 sese
1157 535 1232 592 Pam
1250 533 1282 594 ll

146 637 307 716 hahuerit,
336 641 368 702 in
397 641 519 701 inc'erto
547 617 789 723 relinquendum
819 645 880 712 est3
908 645 1108 700 tamennon

146 772 329 838 possmnus,
366 752 442 836 quin
475 750 539 813 hoc
566 749 641 814 loco
670 751 729 812 vhi
758 747 929 813 doctissimi
956 746 1107 816 addamus

147 866 336 929 sententiam
365 858 588 948 gravissimam:
617 862 777 926 historiam
803 863 979 948 priscorum
1001 861 1109 946 Aegy·

148 978 197 1062 pti
218 987 396 1061 temporum
418 973 641 1060 labyrinthum,
663 994 769 1059 neque
794 973 928 1058 amplius
949 973 1106 1038 Ariadnes

149 1087 249 1166 filum,
266 1086 516 1172 Chronologiam
533 1086 615 1165 dicit,
630 1089 665 1149 in
677 1084 820 1149 manibus
835 1088 952 1150 nostris
969 1107 1038 1152 esse
1050 1083 1097 1167 .*);

239 1199 311 1264 Alia
339 1203 435 1277 ratio,
465 1221 521 1264 cur
547 1202 580 1263 in
603 1197 773 1262 Herodoto
801 1197 963 1262 Philarum
988 1219 1107 1269 nomen

149 1334 216 1378 non
240 1312 454 1399 quaerendum
477 1315 525 1389 sit,
546 1314 580 1376 in
603 1332 643 1375 eo
666 1313 779 1396 posita,
803 1309 892 1394 quod
915 1313 1022 1376 resin
1045 1321 1107 1376 ter-

150 1429 190 1490 ris
221 1436 337 1510 gestas,
371 1447 439 1488 non
466 1435 566 1488 terras
597 1430 744 1487 enarrare
772 1422 889 1502 voluit,
924 1445 1031 1510 neque
1058 1426 1108 1488 iti-

147 1539 233 1601 neris
271 1540 452 1603 memon'am
490 1536 620 1624 reliquit
659 1546 693 1599 ut
727 1534 913 1611 Pausanias,
952 1535 1011 1613 sed
1045 1547 1107 1602 ter-

149 1669 278 1726 rarum,
303 1672 380 1734 quas
408 1652 558 1726 visitavit,
592 1648 768 1725 historiam,
796 1645 972 1712 incolarum
1000 1647 1105 1714 mores

152 1761 330 1847 explicavit,
358 1765 464 1834 onmia
487 1760 527 1825 ad
551 1759 747 1824 Graecorum
771 1770 881 1825 contra
903 1761 1015 1825 Persas
1038 1759 1106 1825 bel-

150 1873 214 1937 lum
233 1874 383 1939 referens.
422 1874 499 1960 Quo
514 1873 628 1937 lactum
645 1883 701 1950 est,
723 1882 758 1938 ut
772 1871 918 1937 locorum
932 1875 1104 1960 insignium,
1145 1885 1147 1892 '

151 2009 233 2072 quae
255 1985 386 2064 viderat,
409 2009 445 2051 ea
468 1996 588 2050 tantum
602 1987 752 2062 nominat,
775 2007 858 2069 quae
874 1984 1105 2051 omnihuscae-

149 2100 224 2162 teris
253 2109 307 2162 aut
329 2098 443 2162 divitiis
466 2109 520 2163 aut
541 2085 817 2162 monumentorum
838 2097 1050 2184 magnitudine
1074 2109 1106 2164 et

150 2210 322 2296 splendore
344 2209 586 2276 antecellahant.
626 2212 705 2273 Item
726 2213 761 2272 in
781 2209 874 2274 libro·
888 2204 1031 2276 seeundo
1053 2233 1105 2276 res

149 2327 359 2409 Aegyptiacas
387 2323 632 2409 complectente
673 2325 805 2387 maxima
837 2322 966 2389 solertia
1001 2326 1105 2389 omnia

150 2435 190 2500 de
214 2447 315 2500 terrae
337 2447 447 2502 natura
472 2447 503 2500 et
518 2436 647 2500 historia
664 2433 799 2519 collegit,
810 2465 812 2471 ·
824 2434 912 2521 quod
928 2457 968 2501 eo
984 2439 1104 2522 majore

149 2548 353 2614 admiratione
382 2548 508 2634 dignum
532 2560 594 2624 est,
624 2546 712 2632 quod
741 2545 874 2633 linguae*
889 2550 1104 2635 Aegyptiacae

148 2683 216 2726 non
249 2664 369 2745 peritus
405 2661 475 2736 suit,
512 2671 543 2724 et
572 2681 654 2744 quae
683 2659 793 2736 refert,
832 2682 870 2726 ex
898 2663 1104 2747 interpretum

148 2771 389 2848 narrationibus,
410 2771 596 2859 plerumque
611 2770 774 2850 fabulosis,
795 2794 862 2836 non
881 2795 981 2858 parvo
996 2771 1104 2838 hercle

149 2883 263 2949 labore
286 2885 457 2946 extricavit.
493 2884 723 2971 Aegyptiorum
746 2888 884 2970 origines
905 2887 964 2968 (ll,
983 2886 1103 2966 1-3)

150 3007 183 3062 et
210 2995 351 3080 Aegypti
377 3015 538 3058 mensuras
566 2999 740 3078 (ai-16>
763 3001 872 3082 paucis
902 2996 1103 3076 adumbrans,

151 3109 192 3172 de
213 3103 293 3170 Nilo
323 3105 421 3169 fluvio
450 3103 663 3173 abundantius·
688 3111 874 3190 (17-34)
896 3119 1027 3184 tractam
1056 3131 1103 3176 sa-

151 3241 204 3281 cra
225 3217 369 3282 Deorum
392 3220 576 3301 (lu-64)
606 3231 637 3285 et
659 3220 827 3286 bestiarum
850 3221 967 3288 cultum
990 3223 1102 3302 <65-

141 3333 216 3410 76)
243 3332 366 3416 parcius
395 3353 454 3416 pro
484 3331 649 3397 desideriis
678 3337 794 3398 nostris
814 3337 935 3422 tangit,
963 3334 1004 3399 de
1019 3355 1102 3400 con-

152 3441 277 3507 diendis
301 3441 507 3507 cadaveribus
530 3446 717 3526 (ss-90),
742 3446 782 3510 de
804 3448 943 3532 Aegypti
966 3445 1103 3510 animali-

145 3554 206 3619 hus
230 3565 262 3619 et
283 3554 398 3640 plantis
421 3557 622 3637 (ss-95),
653 3557 698 3621 de·
716 3558 782 3622 Nili
805 3558 942 3646 denique
966 3557 1102 3623 exunda-

145 3670 232 3732 tione
255 3669 339 3747 (98)
369 3679 544 3734 memoratu
573 3667 749 3756 dignissima
779 3670 885 3746 aliem
915 3670 1029 3738 deinde
1057 3672 1101 3734 hi-

145 3827 345 3838 vra—nna·-

182 3909 208 3979 ⁹)
227 3908 314 3966 ideler
332 3909 460 3967 Chronol.
479 3910 499 3978 l,
519 3915 578 3970 190.
