3026 4920
1000 461 1049 545 17

7 625 12 672 ³
99 648 202 704 tantae
214 633 432 720 magnitudinis
445 629 589 698 aecbficia
602 634 780 712 erexissent,
796 653 834 698 ex
847 633 969 721 templis
983 640 1049 722 qui
1103 651 1178 712 pm
1194 649 1214 715 1,

99 751 169 816 dem
183 759 265 836 apta,
284 745 343 812 sed
355 767 437 830 quae
448 765 554 830 neque
568 749 692 832 pompis
704 769 810 832 neque
823 747 947 834 reliquo
960 748 1049 814 Deo·

59 923 69 942 ,
96 883 164 927 rum
186 861 284 925 cultui
304 859 509 923 inservirent?
539 849 689 922 Caussam
711 860 799 921 sitam
815 879 884 924 esse
900 859 1050 926 censeba-

7 977 12 994 *
75 991 79 1000 ·
95 997 164 1038 mus
178 977 212 1040 in
228 981 295 1056 arte
311 971 560 1046 architectonica,
583 969 683 1054 qualis
702 969 760 1034 illo
776 955 918 1056 tempere
932 970 1049 1050 brissei,

7 1097 12 1106 '
95 1083 344 1169 rationibusque,
365 1103 441 1166 quas
453 1081 604 1166 Aegyptii
612 1085 713 1146 secuti
732 1094 844 1147 essent.
877 1083 955 1147 Non
968 1086 1049 1149 enim

95 1197 233 1286 probata
255 1193 349 1259 nobis
370 1191 494 1256 videtur
516 1213 626 1256 eorum
647 1197 809 1272 sententia,
836 1195 890 1280 qui
909 1193 1048 1280 pylones

96 1319 233 1396 propter
262 1308 399 1390 quinque
425 1304 478 1368 vel
500 1326 554 1368 sex
578 1327 730 1382 cameras,
760 1327 840 1390 quae
862 1305 1048 1392 plenunque

97 1422 192 1485 iniis
214 1419 419 1494 inveniuntur,
440 1415 541 1481 factos
565 1439 634 1482 esse
656 1427 781 1502 putant3
804 1419 893 1502 quasi
913 1419 1048 1506 templo·

91 1553 169 1596 rum
190 1527 417 1596 institutoribus
439 1531 571 1614 spatium
593 1527 750 1605 defuisset,
772 1529 825 1592 vel
840 1527 1048 1595 adservanda

97 1665 184 1719 vasa,
205 1639 259 1704 vel
282 1637 322 1703 ad
343 1638 540 1706 sacerdotum
563 1620 719 1706 domicilia
742 1638 938 1705 collocanda.
976 1641 1048 1706 Nec

97 1756 196 1838 magis
223 1751 329 1838 placet
351 1753 459 1836 opinio
483 1751 522 1816 ab
545 1751 613 1817 aliis
634 1751 772 1838 prolata,
800 1751 954 1838 pylonum
983 1751 1048 1817 alas

100 1873 296 1953 constructas
320 1877 389 1927 esse
404 1884 479 1927 usus
495 1866 695 1930 astronomici
713 1885 836 1940 caussa3
859 1866 1049 1930 convincun-
1090 1927 1092 1934 χ

100 1988 154 2042 tur
163 1979 243 2040 enim
254 1977 401 2062 proximis
412 1973 569 2039 montibus
581 1974 735 2060 pylonum
749 1972 940 2040 altitudinem
953 1973 1047 2062 longe

101 2083 321 2173 superantibus
341 2084 409 2167 *).'
435 2086 523 2150 Nihil
544 2085 630 2150 aliud
653 2084 804 2150 curabant
825 2086 979 2172 pylonum
1002 2111 1049 2152 ar-

100 2199 239 2276 chitecti,
260 2219 355 2284 quam
376 2208 412 2263 ut
433 2198 542 2284 templi
561 2201 720 2264 introitum
741 2201 872 2262 maxima
894 2198 1049 2285 dignitatis

98 2312 208 2396 speeie
231 2321 424 2375 exomarent
476 2309 624 2376 Latitudo
652 2309 775 2374 luminis
797 2321 909 2395 portae
930 2311 1048 2396 pende-

99 2420 158 2486 bat
181 2444 219 2486 ex
240 2421 403 2486 latitudine
425 2420 537 2511 lapidis
560 2423 757 2508 superpositi,
780 2425 833 2506 qui
854 2444 926 2487 raro
941 2425 1048 2508 viginti

102 2533 156 2597 vel
176 2535 284 2618 viginti
305 2536 443 2618 quinque
472 2531 572 2618 pedes
600 2532 729 2597 excedit.
779 2531 817 2596 ld
844 2545 946 2598 autem
974 2546 1049 2600 tem-

102 2642 227 2731 plorum
263 2644 464 2729 magnitudini
495 2655 564 2710 n'on
596 2644 759 2708 suffecisse
793 2654 938 2732 apparet,
974 2668 1049 2732 qua·

101 2767 235 2843 propter
260 2729 389 2820 maxime
417 2755 615 2842 probandum
644 2767 704 2835 est,
732 2755 820 2842 quod
848 2755 889 2820 ad
911 2756 1049 2822 dextram

104 2877 137 2932 et
158 2870 311 2931 sinistram
332 2879 449 2958 portae·
464 2867 565 2932 moles
586 2867 656 2930 illas
680 2867 857 2954 adjecerint,
879 2886 961 2954 quae
984 2867 1050 2933 alti-

105 2977 214 3044 tudine
243 2989 363 3044 eeteras
388 2978 496 3064 templi
517 2989 622 3064 partes
652 2989 834 3062 superantes
863 2999 901 3044 ex
928 2979 1049 3066 longin-

104 3096 173 3174 quo
195 3093 435 3176 prospiciuntur.
485 3089 584 3159 Nullo
609 3089 672 3154 alio
694 3089 792 3156 modo
814 3093 847 3156 in
869 3093 932 3157 hoc
953 3093 1050 3157 archi-

105 3243 308 3262 m

140 3332 165 3404 ’)
184 3329 300 3388 Omnino
316 3329 449 3407 probabile
463 3343 519 3402 art,
541 3333 729 3410 Aegyptiorum
752 3343 835 3391 artem
852 3335 1051 3391 astronomicam

177 3417 243 3476 nihil
259 3416 315 3474 fere
331 3420 381 3474 nisi
397 3419 565 3486 aunisolaris
582 3429 680 3479 recum
692 3423 865 3497 cognitionem
877 3422 1051 3480 consumtus.

175 3503 207 3561 Si
225 3503 290 3560 solis
308 3512 335 3560 et
349 3504 510 3582 planetarum
527 3517 614 3562 motus
631 3507 689 3582 lege
707 3509 770 3563 artis
781 3509 968 3566 astronomicae
981 3524 1051 3562 com·

172 3600 313 3668 putassent
336 3589 470 3668 literisque
497 3592 676 3660 mandassent,
709 3593 873 3650 Ptolemaeus
900 3589 1052 3650 Alexandri-

172 3697 237 3746 nus,
264 3676 343 3734 bomo
365 3675 590 3754 diligentissimus,
617 3681 825 3736 observationum
846 3682 1052 3756 aegyptiacarum

175 3766 335 3820 mentionem
353 3763 465 3822 fecisset.
495 3765 553 3822 Sed
569 3776 675 3843 praeter
686 3787 796 3842 graecas
813 3765 964 3844 Hipparchi,
982 3775 1050 3824 cete·

178 3851 213 3905 ris
230 3851 349 3907 omnibus
366 3852 563 3928 praecellentes,
581 3855 649 3908 inter
666 3855 867 3928 antiquissimas,
885 3863 940 3909 tres
952 3862 1052 3908 tantum

179 3931 331 3994 Ghddaieas
348 3937 424 3994 lunae
441 3937 568 4008 defectas,
587 3941 710 3998 octavia.
731 3937 781 3997 Cb
800 3959 826 3995 n.
844 3938 949 4009 saeculi,
966 3937 1054 3998 laudat

178 4021 205 4076 in
221 4021 318 4099 Almag.
336 4022 386 4091 lv,
400 4027 424 4080 6.

832 4125 854 4185 2
