3000 4908
454 411 511 490 8⁰
1488 387 1489 478 l

287 601 363 662 pias
381 601 414 664 tt
461 577 505 670 ἦν
527 583 582 654 δ’ὁ
604 587 666 673 μὲν
687 587 842 672 μένοντος
855 575 917 664 τὴν
932 577 1110 672 διάμετρον
1124 582 1237 650 ποδοῖν
1252 580 1312 652 οὐκ
1327 587 1431 654 ἐλατ-

461 695 568 766 τόνων
588 692 610 779 ἢ
633 692 766 775 δώδεκα,
788 690 934 773 ἅπαντες
956 697 991 761 δὲ
1013 695 1144 781 μείζους
1165 689 1333 782 ἢὴμίσεις
1348 696 1428 766 τού-

460 832 528 878 των
549 809 593 893 *).
639 809 801 894 Δοίβημεν
824 807 859 874 δὲ
881 812 927 884 εὶς
947 800 1011 889 τὴν
1031 809 1137 888 νῆσον
1159 810 1213 874 ἐπὶ
1233 804 1423 888 ποίκτωνος·

462 920 481 988 ὀ
505 922 545 988 δὲ,
561 916 695 987 πάκτων
717 913 773 985 διδ
795 920 998 985 σκυταλίδων
1019 914 1167 1005 πεπηγός
1182 925 1251 986 ἐστι
1266 923 1412 1012 σκαφίον,

463 1029 530 1123 ὥςτ
557 1035 697 1100 ἐοικέναι
719 1011 934 1116 διαπλοκινῷ·
957 1032 1094 1108 ἑστῶτες
1116 1027 1187 1097 δ’ίν
1201 1026 1306 1111 ὕδατι,
1329 1027 1418 1113 ἢκαὶ

464 1129 624 1222 σανιδίοις
650 1145 718 1209 τισὶ
745 1138 1032 1232 προεκαθήμενοο,
1060 1143 1185 1229 ῥᾳδίως
1212 1141 1420 1233 ἐπεραιώθη-

463 1278 533 1344 μεν,
567 1252 607 1324 οὐ
639 1251 794 1332 δεδιότες·
828 1251 988 1321 ἀκίνδυνοι
1016 1250 1080 1342 γάρ
1110 1255 1199 1320 ἐστιν
1227 1249 1270 1322 ἂν
1296 1249 1347 1343 μή
1379 1279 1421 1334 τις

462 1367 651 1456 ὑπίρνομον
672 1363 793 1460 ποιήσῃ
813 1359 853 1432 τὸ
875 1368 1066 1455 πορθμεῖον
1088 1365 1155 1449 δ”).

466 1503 470 1514 ’
531 1483 634 1570 Supra
648 1480 755 1546 Philas
770 1483 804 1544 in
818 1479 979 1546 meridiem
1001 1501 1203 1568 progressum
1225 1481 1322 1546 fuisse
1339 1481 1426 1548 Stra-

464 1593 592 1674 bonem,
614 1592 700 1660 haud
722 1593 886 1659 credimus.
926 1592 1126 1680 Quamquam
1150 1597 1231 1659 enirn
1253 1592 1294 1659 de
1317 1595 1427 1660 reditu

467 1730 527 1795 per
547 1708 729 1794 Aegyptum
757 1705 836 1772 nihil
865 1704 954 1784 dicit,
983 1717 1096 1786 tamen,
1124 1705 1283 1772 Philarum
1307 1705 1427 1772 descri-
1490 1763 1491 1778 ,

466 1823 577 1907 ptione
601 1817 757 1897 absoluta,
779 1817 952 1906 palmarum
975 1818 1129 1884 diversam
1150 1817 1291 1884 indolem
1315 1830 1350 1884 et
1364 1820 1428 1885 Ae-

467 1931 501 1996 lii
522 1930 610 1997 Galli
632 1931 865 2018 expeditionem
885 1931 1105 2019 Aethiopicam
1126 1941 1247 1998 tractat.

531 2043 636 2110 Aliam
663 2042 823 2108 Philamm
856 2046 999 2108 notitiam
1029 2029 1202 2130 reperimus
1232 2043 1317 2129 apud
1349 2068 1429 2110 eun-

468 2155 540 2224 dem
554 2156 655 2235 XVII,
677 2178 708 2242 p.
732 2156 819 2220 1155
841 2157 873 2218 in
888 2154 985 2222 Delta
1007 2155 1228 2243 descriptione,
1250 2156 1306 2222 ubi
1326 2179 1428 2246 supra

466 2267 649 2333 Naucratim
675 2265 787 2331 urbem
814 2265 949 2332 Osiridis
978 2267 1102 2355 asylum
1125 2289 1195 2333 esse
1218 2267 1306 2348 dicit,
1334 2274 1371 2335 ἐν
1403 2262 1429 2356 ᾦ
1485 2247 1488 2260 ’

467 2379 605 2446 κεῖσθαι
631 2371 691 2445 τὸν
706 2372 835 2466 Ὄσιρίν
863 2396 982 2468 φασιν·
1011 2375 1261 2470 ἀμφισβητοῦσι
1290 2381 1324 2448 δὲ
1347 2379 1431 2449 τού.
1466 2456 1469 2462 1

467 2515 528 2558 τον
549 2493 682 2571 πολλοὶ,
713 2491 770 2555 καὶ
790 2485 937 2576 μάλιστα
959 2494 992 2556 οί
1012 2485 1074 2567 τοὶς
1099 2491 1207 2569 Φίλας
1230 2496 1295 2574 (sic
1317 2494 1431 2582 legen-

470 2605 543 2670 dum
566 2626 626 2692 pro
652 2596 785 2684 Φνλᾶς)
814 2603 994 2681 οἰκοῦντες,
1022 2597 1083 2680 τοὶς
1103 2601 1183 2692 ὑπὲρ
1206 2601 1346 2687 Συήνης
1366 2612 1430 2673 καὶ
1491 2613 1492 2642 ¹

468 2717 530 2797 τῆς
558 2713 803 2803 Ἐλεφαντίνης.
840 2749 886 2768 --
941 2716 1044 2802 Quam
1081 2721 1225 2783 notitiam
1257 2718 1428 2787 Strabonis
1491 2725 1492 2778 l

471 2832 575 2895 animo
600 2827 757 2894 effluxisse
779 2833 938 2916 putamus,
968 2851 1037 2894 cum
1065 2831 1099 2894 in
1120 2831 1279 2896 Philamm
1308 2831 1431 2898 descn’-
1491 2865 1492 2886 ε

470 2944 580 3029 ptione
608 2961 714 3027 neque
736 2941 871 3007 Osiridis
898 2963 1004 3028 neque
1033 2943 1169 3030 sepulcri
1195 2945 1291 3010 ullam
1313 2944 1430 3011 fecerit

470 3056 671 3120 mentionem.
714 3055 787 3118 Jam
808 3058 1038 3142 perspeximus,
1061 3077 1155 3142 quam
1178 3051 1307 3122 difficile
1329 3059 1369 3122 sit
1393 3062 1428 3122 in

470 3164 667 3252 mythologia
686 3166 884 3253 Aegyptiace
906 3171 983 3233 certi
1005 3167 1124 3254 aliquid
1140 3167 1180 3236 de
1201 3171 1330 3257 singulis
1345 3170 1427 3246 Diis,

1370 3306 1423 3348 eo-

507 3451 533 3524 *)
557 3451 751 3508 accuratissima
780 3450 923 3531 descriptio
949 3453 1010 3511 inde
1035 3475 1049 3510 a
1072 3452 1162 3530 Syene
1190 3453 1224 3510 ad
1245 3445 1332 3512 Philas
1358 3457 1424 3512 viae.

540 3537 692 3616 Adspectus
709 3540 837 3612 montium
853 3538 970 3606 illorum,
987 3543 1122 3597 immensis
1138 3539 1268 3616 lapidibus
1286 3553 1432 3612 congesto·

541 3645 611 3692 rum,
636 3623 762 3682 Straboni
785 3645 818 3682 eo
835 3625 976 3682 notabilior
994 3635 1062 3693 erat,
1081 3645 1146 3706 ¹cum
1162 3627 1190 3680 in
1206 3623 1330 3700 Aegypto
1346 3621 1434 3702 hujus

543 3711 646 3788 generis
663 3721 767 3768 montes
784 3731 914 3788 nunqnam
932 3712 1131 3788 conspiciantur.

509 3795 550 3866 ”)
569 3795 663 3853 lllirum
680 3818 751 3866 saue,
769 3817 847 3874 qnam
865 3805 983 3852 accurate
1001 3795 1126 3852 hodierna
1137 3797 1297 3871 navigiorum
1308 3793 1431 3859 Nubien·
1491 3791 1492 3796 ¹

544 3883 612 3938 sium
629 3881 754 3956 fragilitas
772 3892 800 3940 et
821 3875 970 3940 brevissimi
992 3881 1116 3954 trajectus
1137 3881 1333 3942 incommodum
1354 3891 1430 3964 peri-

544 3965 663 4024 culnmre
681 3987 741 4026 euna
758 3968 840 4027 viride
858 3965 998 4027 Strabonis
1014 3968 1126 4044 irnagine
1143 3979 1294 4048 congruant.
