3026 4920
1044 458 1092 556 ³7

135 634 231 718 ducit,
263 631 321 700 sed
350 630 392 698 ad
423 631 685 718 elegantissimum
712 642 856 719 pteroma
882 631 1003 720 templo
1034 638 1116 700 eir-·
1147 645 1223 706 Pras
1241 647 1263 706 1.

132 751 327 835 cumjeetum.
387 745 426 810 ln
468 748 590 810 interna
633 747 816 833 pteromatis
855 756 945 832 parte
986 747 1089 814 leonis

127 871 232 927 statua
267 871 327 939 est,
364 857 467 924 cellae
500 879 591 924 muro
628 858 790 945 adaptata,
826 879 918 943 quam
954 859 1090 926 Lancre

127 985 179 1039 tus
226 969 442 1038 effundendae
487 992 588 1058 aquae
633 968 756 1036 lustrali
797 972 966 1037 inservisse
1001 984 1089 1039 reete

129 1088 296 1162 existiman
332 1106 414 1170 quae
446 1085 480 1148 in
513 1097 641 1150 externa
675 1082 865 1168 templorum
898 1094 988 1170 parte
1020 1085 1089 1152 leo

127 1202 178 1263 nis
219 1207 343 1262 statuae
385 1207 555 1262 comuntur
597 1233 638 1246 --
681 1198 762 1260 sicut
802 1197 835 1260 in
874 1195 972 1261 Philis
1011 1200 1087 1284 ipsis

130 1310 214 1390 (vid.
248 1310 349 1390 infra)
379 1319 410 1373 et
435 1312 468 1372 in
496 1309 617 1395 templo
648 1309 875 1394 'l'entyritanm
909 1320 985 1374 octo
1018 1309 1087 1376 leo-

132 1443 208 1485 num
247 1423 355 1486 statuis
395 1433 508 1487 ornato
549 1459 590 1472 -
632 1443 745 1506 aquam
785 1419 956 1507 pluvialem
992 1421 1088 1487 demi

131 1537 211 1598 sisse
244 1533 403 1610 videnum
438 1555 527 1598 saera
563 1535 645 1598 enim
679 1553 785 1618 neque
820 1543 906 1598 extra
935 1533 1086 1622 templum

131 1644 392 1731 perficiebantur,
419 1668 525 1732 neque
551 1648 710 1733 repentini
736 1643 853 1709 imbres
879 1649 913 1710 in
934 1651 1085 1734 Aegypto

126 1756 225 1844 plane
259 1757 404 1824 deerant..
459 1757 637 1826 Columnae
673 1761 856 1846 pteromatis
894 1758 935 1823 ad
963 1763 1085 1825 tertiam

125 1869 299 1936 altitudinis
336 1869 457 1959 partem
492 1893 582 1937 muro
615 1873 805 1956 conjunctae
840 1883 928 1948 sunu
962 1871 1086 1959 reliqua

122 1984 394 2050 intercolumnas
419 1995 565 2072 apertura
588 1983 659 2047 sola
689 1993 751 2062 est,
781 2005 862 2068 quae
892 1985 1010 2070 templo
1038 1985 1085 2050 lu-

125 2119 196 2162 cem
228 2096 372 2184 praebet.
435 2097 512 2162 Tria
545 2095 646 2160 cellae
680 2095 859 2176 conclavia,
898 2121 1085 2184 quamquam
1204 2135 1206 2139 ·

124 2209 222 2296 plane
251 2208 402 2287 obscura,
434 2220 538 2274 tamen
567 2207 712 2276 omnihus
741 2209 822 2275 locis
845 2198 960 2276 tabulis
982 2213 1085 2278 hiero-

128 2321 283 2408 glyphicis
315 2325 467 2388 instructa
502 2331 584 2386 sunt.
638 2319 905 2408 Frequentissime
940 2325 997 2388 lsis
1031 2324 1085 2390 de-

32 2475 36 2480 ·
129 2437 213 2522 picta
236 2447 296 2515 est,
323 2446 455 2502 cornuta
482 2433 553 2512 illa,
577 2457 658 2521 quae
682 2434 801 2499 discum
830 2435 990 2517 (lunarem
1014 2459 1084 2502 esse
1200 2521 1201 2524 Ἴ

130 2546 281 2630 eredunt)
304 2550 384 2612 inter
403 2557 574 2632 utrumque
598 2569 698 2613 cornu
720 2558 829 2634 gestat.
880 2549 998 2614 Variae
1020 2549 1084 2615 for-

125 2682 197 2726 mae
224 2671 299 2726 sunt
327 2659 506 2744 adjunctae,
536 2662 734 2747 interspersis
762 2664 847 2726 notis
870 2661 1084 2748 hieroglyphi-

126 2777 180 2852 cis,
201 2777 235 2838 in
257 2793 389 2859 quanun
406 2771 625 2856 explanatione
647 2773 762 2837 frustra
783 2785 819 2837 ut
840 2777 873 2838 in
888 2795 924 2838 re
940 2772 1084 2841 abstrusa

128 2897 163 2951 et
175 2884 340 2950 recondita
354 2882 450 2948 labor
465 2894 496 2948 et
511 2905 583 2948 cura
598 2869 787 2952 Lancretum
802 2888 909 2952 torsit..
934 2885 972 2950 Si
982 2888 1023 2954 in'
1033 2908 1084 2978 exss

128 2997 294 3083 planandis
305 2997 516 3062 monumentis
528 2994 596 3076 illis,
611 3010 791 3082 quaenotas
798 2999 1027 3084 Aegyptiorum
1035 3021 1084 3062 sa-

132 3132 200 3174 cras
215 3131 277 3174 una
299 3131 371 3174 eum
385 3111 644 3194 interpretatione
659 3133 772 3196 graeca
786 3110 966 3189 ostendunt,
987 3121 1023 3176 ut
1037 3109 1083 3175 la.-

130 3224 180 3308 pis
202 3220 407 3286 Roschidicus
431 3231 462 3285 et
483 3219 543 3284 alia
565 3245 681 3309 pauca,
711 3221 853 3289 nondum
877 3245 916 3288 eo
938 3225 1084 3311 provecti

126 3355 251 3412 sumus,
281 3343 317 3397 ut
344 3334 588 3424 uniuscujusque
610 3346 707 3400 notae
728 3339 792 3400 vim
815 3346 902 3401 certo
927 3337 1083 3420 cognitam

123 3443 302 3510 habeamus
330 3446 418 3528 (nam
446 3458 574 3532 praeter
601 3469 709 3534 regum
737 3450 866 3514 nomina
892 3471 994 3535 pauca
1016 3458 1083 3514 tan·

122 3570 192 3624 tum
225 3560 312 3645 signa
345 3557 499 3644 explicata
528 3561 632 3642 sunt):
668 3559 832 3647 quomodo
861 3560 933 3624 fieri
961 3569 1082 3646 potest,

123 3681 161 3738 ut
192 3673 281 3757 signa
313 3671 439 3758 linguae
472 3674 589 3736 veteris
623 3673 856 3761 Aegyptiorum
897 3671 1082 3758 deperditae

127 3804 192 3848 uno
215 3783 372 3870 Coptieae
396 3786 581 3853 recentioris
606 3784 720 3850 auxilio
744 3783 960 3852 illustrentur?

155 3949 159 3958 .
194 3894 241 3958 Ex
268 3894 407 3961 adverso
429 3895 539 3982 templi
561 3897 766 3961 occidentalis
789 3897 882 3980 (M),
911 3897 962 3962 ala
990 3895 1083 3984 pylo·
1120 3909 1269 3979 Elephanti

130 4005 180 4070 nis
201 4003 269 4090 (C)
293 4018 420 4098 portam
440 4009 593 4076 minorem
615 4005 726 4088 habet,
756 4033 838 4096 quae
860 4034 879 4076 a
900 4008 1000 4080 latere
1022 4007 1084 4092 (ad
1137 3981 1244 4056 ΜΨ
