3000 4908
304 618 380 681 Para
399 615 419 678 l.

315 1299 411 1354 Patrae

288 1371 439 1426 autorum

319 1441 404 1496 atata'o

277 1511 450 1586 gratiam.

473 427 524 504 60

728 510 746 550 0

473 616 546 686 atat,
573 604 680 673 loeum
708 602 892 692 appellandi
918 607 952 671 in
978 605 1083 672 insula
1109 604 1159 674 hia
1182 606 1237 674 vel
1258 619 1310 674 ter
1333 623 1435 680 muta-

473 731 553 799 tum,
582 729 614 784 et
640 741 658 782 a
679 716 809 782 meridie
832 716 872 782 ad
894 721 1142 805 septentrionem
1165 715 1430 804 demotumesse,

472 853 540 900 non
567 851 748 918 possumus,
777 831 854 916 quin
881 851 1043 895 sacrorum
1068 829 1261 898 Philensium
1289 835 1423 922 origines

475 942 517 1010 ad
537 945 774 1010 remotissimam
795 942 967 1046 referamus
990 945 1213 1030 antiquitatem.

542 1278 576 1347 si
599 1300 692 1365 quem
713 1280 868 1348 viatorem
889 1279 1039 1380 delectat,
1068 1280 1102 1344 in
1123 1282 1336 1346 monumentis
1353 1303 1431 1370 ope-

473 1413 540 1458 ram
567 1391 729 1458 collocare
752 1405 784 1459 et
806 1395 1021 1479 antiquitatem
1042 1394 1216 1478 inquirere,
1243 1392 1355 1458 nullus
1382 1393 1430 1460 lo-

475 1527 530 1572 cus
550 1516 620 1572 tota
641 1506 791 1592 Aegypto
813 1509 965 1593 maiorem
988 1503 1204 1571 commorandi
1226 1505 1432 1572 commoditas

475 1630 538 1685 tem
561 1617 674 1684 alteret
694 1617 801 1683 Philis.
840 1618 933 1705 Quae
957 1620 1039 1683 enim
1062 1616 1137 1682 alias
1161 1615 1302 1705 dispersa
1316 1620 1431 1704 jacent,

474 1754 536 1798 neo
557 1733 625 1796 siue
647 1728 760 1796 labore
781 1731 1021 1816 investigantur,
1045 1752 1083 1796 ea
1106 1733 1210 1794 oannis
1231 1729 1331 1794 Pln'lis
1353 1753 1431 1796 eon-

473 1845 582 1931 juncta
607 1850 687 1907 sunt.
739 1839 937 1928 Quamquam
960 1844 1042 1908 enim
1065 1825 1171 1908 cetera
1191 1843 1332 1927 Aegypti
1355 1853 1431 1906 tem-

475 1953 530 2044 pla
561 1958 691 2020 maxima
722 1975 759 2019 ex
786 1964 877 2042 parte
899 1939 990 2020 haud
1017 1953 1114 2040 louge
1144 1977 1163 2018 a
1190 1953 1268 2019 Nilo
1297 1953 1430 2019 distant:

475 2065 631 2134 nonnulla
652 2077 772 2145 tamen,
793 2067 892 2133 fluvio
915 2075 1123 2145 tumescente,
1151 2069 1225 2132 satis
1252 2065 1430 2154 longinquo

474 2181 586 2244 itinere
614 2201 673 2265 per
702 2201 830 2264 aggeres
860 2189 892 2244 et
920 2177 1066 2265 ambages
1095 2176 1254 2256 adeunda,
1272 2179 1342 2246 ,alia
1373 2203 1433 2268 per

475 2302 599 2356 montes
621 2301 761 2358 remotos
783 2289 922 2379 peteuda
943 2304 1030 2382 sunt3
1052 2323 1097 2341 -
1119 2291 1215 2355 Philis
1238 2301 1341 2356 autem
1364 2315 1432 2360 mo-

441 2421 444 2428 ·
475 2412 624 2468 numenta
640 2407 752 2483 omnia,
771 2405 987 2490 angustissimo
1003 2402 1079 2472 loco
1096 2404 1330 2490 comprehensa,
1354 2427 1434 2490 pau-

478 2537 587 2580 oorum
615 2538 764 2601 passuum
785 2519 887 2604 spatio
917 2515 1144 2602 disjimguntur.
1196 2516 1229 2581 Si
1257 2518 1351 2602 igitur
1373 2541 1435 2604 per

477 2628 587 2716 plures
615 2627 683 2694 dies
710 2627 755 2695 ihi
783 2631 970 2694 commorari
998 2631 1157 2710 stamaris,
1185 2627 1254 2694 noli
1280 2631 1314 2693 in
1342 2634 1434 2696 navi

548 2876 683 2946 ridiouale,
704 2875 779 2932 Deae
796 2873 899 2933 Hathor
915 2896 930 2931 a
947 2871 1112 2944 Nectaneho,
1130 2873 1223 2932 ultimo
1239 2873 1435 2951 Aegyptiorum
1481 2921 1482 2924 ,

419 2985 423 2994 ’
547 2985 623 3041 rege,
653 2963 817 3034 dedicatum,
847 2973 875 3019 et
899 2963 1017 3038 portiom
1039 2959 1228 3039 Imperatorum
1251 2960 1435 3020 Romanorum

547 3062 668 3131 tempore
691 3059 824 3108 exstructa
846 3059 913 3108 suut
953 3047 1040 3124 lllagni
1061 3048 1153 3127 templi
1173 3051 1287 3128 primurn
1303 3050 1401 3106 atrium
1420 3071 1437 3107 a

548 3137 701 3196 Ptolemaeo
724 3137 916 3205 Philometore,
942 3134 1050 3212 adytum
1071 3156 1087 3192 a
1108 3135 1290 3214 Philadelpho,
1311 3155 1436 3214 prouaon

548 3227 581 3282 ab
607 3225 738 3304 Evergete
765 3225 796 3283 ll.
828 3222 946 3290 eondita;
977 3222 1126 3301 sculpturae
1152 3233 1239 3280 autem
1264 3223 1435 3298 regnantibus

550 3311 670 3388 Augusto
695 3323 723 3369 et
739 3311 848 3371 Tiberio
871 3310 987 3384 adjectae
1008 3317 1075 3366 suut
1117 3308 1189 3366 luter
1208 3310 1300 3366 ambos
1319 3310 1430 3387 pyloner

550 3401 637 3476 magni
659 3397 737 3456 laidis
754 3397 847 3475 templi
864 3396 898 3454 ad
914 3393 1152 3452 hevam'saeellum
1169 3393 1296 3452 columnis
1312 3409 1432 3455 oruatmn

550 3495 648 3554 enat,
666 3485 742 3547 Deae
758 3483 861 3544 flathar
879 3492 906 3539 et
922 3481 986 3538 laidi
1000 3481 1139 3552 Ὦροτόκῳ
1158 3480 1280 3547 dicatum,
1297 3481 1371 3550 cajus
1390 3505 1440 3540 an.
1480 3473 1481 3484 ¹

549 3573 695 3652 tiquisaima
717 3591 780 3649 pana
802 3567 980 3628 Ptolemaeum
1001 3565 1164 3644 Epiphauem
1186 3564 1228 3620 vel
1250 3563 1332 3618 filium
1348 3561 1442 3625 Ever.

548 3669 636 3732 getam
653 3658 685 3715 ll.
705 3667 826 3714 auctores
843 3653 935 3723 hahet,
952 3652 1099 3709 aedilicium
1116 3651 1150 3714 ad
1167 3649 1285 3706 dextram
1299 3644 1440 3710 Philome.

549 3747 603 3800 tori
628 3753 672 3800 eat
693 3741 919 3800 adscribendum.“
939 3769 976 3810 ,-·
1002 3737 1098 3814 Aque
1114 3737 1284 3794 vehementer
1299 3731 1440 3816 discrepat

549 3827 695 3886 Laueratus
717 3831 745 3884 iu
767 3829 954 3905 Descriptioue
976 3846 1036 3904 pag.
1058 3829 1120 3893 lll,
1141 3823 1284 3881 affirmarat
1306 3829 1438 3888 meantis-

549 3917 615 3972 eima
632 3913 763 3972 Philarmn
780 3913 898 3972 aedificia
909 3911 1070 3992 Aegyptiam
1081 3914 1217 3972 minimum
1228 3909 1348 3970 antehae
1359 3914 1438 3972 230⁰

550 4021 631 4060 annea
649 4007 781 4061 exstructa
799 4000 888 4062 luisse.
1172 3997 1177 4012 ¹
1246 4041 1250 4048 ,
