3000 4908
1001 425 1052 499 65

87 603 186 692 plane
213 604 373 688 ignorant,
408 623 479 666 eum
507 595 731 664 Burckhardto
759 598 795 681 ⁴¹)
830 611 910 666 teste
939 623 1048 687 regem
1098 611 1172 671 Pana
1190 611 1221 673 ll'.

90 714 249 803 quendam
282 717 541 800 potentissimum.
567 710 753 798 Wodjud
791 710 968 791 tinxerint,
995 717 1050 800 qui

89 828 249 894 Philarum
278 825 396 912 templa
426 824 606 890 condiderit
627 821 692 904 ⁴¹⁴¹).
754 823 1047 910 Champollion
1124 861 1128 870 ·

89 945 196 1006 minor
218 937 292 1003 olim
315 937 447 1001 verbum
471 939 628 1023 copticum
650 934 763 1023 pilalr
792 938 968 1018 (remotus,
998 961 1049 1003 ex-

90 1055 229 1132 tremus)
259 1053 394 1116 nominis
422 1051 543 1116 fontem
574 1070 643 1113 esse
670 1047 787 1125 voluit;
818 1050 909 1118 aliam
932 1049 1049 1116 deinde

80 1166 328 1240 derivationem,
352 1185 389 1226 ex
412 1161 601 1249 templorum
622 1160 879 1247 inscriptionibus
900 1163 1049 1242 haustam,

94 1275 228 1366 epistola
249 1277 302 1340 Xl.
332 1278 513 1361 proposuit:
558 1272 690 1352 „Philae
717 1271 820 1338 insula
849 1273 1051 1342 denominata

98 1401 161 1455 erat
181 1384 361 1465 Manlalr,
389 1386 478 1474 quod
500 1409 518 1452 a
541 1385 679 1472 Coptitis
701 1387 734 1450 in
756 1385 886 1466 Pitak,
908 1387 950 1453 ab
971 1390 1051 1455 Ara-

95 1500 187 1567 bibus
209 1501 242 1566 in
257 1497 385 1578 Bilalr,
408 1523 426 1563 a
442 1498 575 1564 Graecis
598 1499 629 1562 in
645 1497 785 1564 Philae
809 1511 857 1566 est
870 1506 1049 1567 mutatum.“

95 1653 138 1666 -
167 1615 238 1678 Jam
259 1615 293 1678 in
317 1634 356 1678 eo
381 1622 464 1677 errat
485 1612 534 1674 vir
556 1587 767 1690 ddetissimus,
797 1610 884 1698 quod
913 1613 1050 1678 Philas

93 1725 193 1792 hodie
220 1724 337 1790 Bil'ak
364 1723 520 1789 nominari
549 1722 698 1798 altinnat;
728 1723 824 1788 multa
849 1725 970 1790 insulae
992 1748 1051 1790 no-

92 1839 177 1903 mina
200 1837 306 1902 audiet
327 1840 438 1914 viator,
461 1857 499 1901 ea
520 1817 588 1900 non
609 1838 748 1922 propria,
770 1835 829 1902 sed
851 1837 1051 1924 appellativa,

95 1951 201 2039 qualia
215 1961 300 2018 sunt:
324 1946 728 2014 Geziret-el-Birbeh
742 1945 820 2031 m)
835 1949 960 2031 (insula
974 1961 1051 2016 tem-

94 2064 165 2152 pli),
187 2059 591 2128 Geziret-el-Kasser
613 2059 730 2141 (insula
753 2061 904 2144 castelli),
925 2065 1051 2128 Anes-

97 2172 358 2262 el-Wodjud,
382 2183 414 2238 et
436 2171 505 2252 alia,
527 2183 625 2259 prout
646 2171 811 2238 Nubarum
834 2173 887 2238 vel
908 2173 1050 2240 Arabum

97 2286 196 2353 tribus
217 2289 471 2372 interrogaverim
494 2283 622 2351 Belak
645 2296 749 2350 autem
771 2309 869 2372 parva
886 2287 987 2352 insula
1005 2298 1052 2352 est

97 2403 130 2466 in
162 2399 266 2488 media
299 2409 455 2464 cataracta
488 2399 571 2462 inter
597 2397 728 2484 Syenen
758 2409 789 2463 et
817 2399 931 2480 Philas,
971 2410 1051 2465 teste

96 2514 250 2579 Macrizio
274 2510 359 2598 apud
380 2509 632 2575 Burclrhardtum
647 2513 692 2595 †).
730 2511 901 2577 Jomardus
923 2515 956 2576 in
977 2512 1053 2578 Ele-

94 2627 262 2714 phantines
285 2623 498 2709 descriptione
521 2644 630 2688 omnes
644 2623 947 2703 insulas,.cataracta
970 2645 1053 2689 corn-

97 2738 288 2826 prcbensas,
322 2757 388 2800 uno
415 2739 543 2801 nomine
572 2734 619 2802 fil
647 2747 843 2822 nuncupatas
870 2737 966 2801 fuisse
995 2758 1053 2831 pu-

98 2861 144 2916 tat
159 2850 227 2936 Η),
250 2847 307 2913 sed
328 2845 507 2938 perpendat
527 2848 630 2926 velim,
652 2853 813 2936 regionem
836 2849 962 2936 quidem
978 2870 1053 2913 con-

100 3023 301 3040 ——-

13 3131 14 3134 ’
136 3126 162 3196 a)
181 3092 290 3182 Trarels
308 3125 336 3179 in
353 3119 447 3189 Nuhia,
465 3141 490 3200 p.
509 3124 535 3178 4.

137 3215 178 3282 ⁴⁴)
198 3209 230 3268 el
249 3209 310 3266 clar.
321 3207 465 3286 losephnm
482 3210 515 3266 ab
526 3208 652 3266 Hammer
668 3214 707 3268 in:
726 3210 839 3268 Wiener
851 3209 931 3268 Jahrb
952 3211 977 3268 d.
990 3210 1052 3269 Liu.

137 3295 396 3454 mffippcffgfflo
419 3387 525 3462 coptieo
548 3383 670 3441 Birbcb
691 3383 836 3443 luculenter
858 3387 912 3462 egit
933 3385 997 3443 Silv.
1021 3383 1054 3442 de

173 3467 243 3546 Sacy
259 3472 299 3527 in:
316 3469 426 3527 Notices
443 3480 472 3527 et
489 3474 597 3530 extraits
615 3480 665 3528 etc.
683 3471 704 3540 l,
721 3493 747 3550 p.
766 3477 828 3528 270.

135 3557 174 3630 †)
194 3556 302 3614 Travels
319 3558 347 3613 in
364 3557 450 3614 Nuhia
467 3577 494 3634 p.
512 3560 573 3614 519.

15 3685 16 3708 2
135 3643 200 3717 ††)
218 3664 244 3721 p.
262 3647 323 3701 208.
343 3643 425 3716 §.Vl
444 3643 476 3701 si
493 3643 546 3700 l’on
558 3643 705 3711 considere,
724 3655 801 3721 qu’au
813 3641 907 3702 (lessus
919 3643 953 3701 de
966 3645 1055 3722 Syene

171 3729 197 3787 le
214 3730 259 3787 Nil
276 3729 352 3788 eoule
370 3741 445 3788 entre
463 3729 511 3787 des
524 3741 676 3805 montagnes
687 3734 835 3809 esearpdes,
854 3751 905 3808 que
917 3753 966 3790 sou
979 3753 1056 3790 eours

172 3821 214 3873 est
236 3819 308 3874 seme
333 3816 407 3874 d'iles
429 3818 615 3887 nombreuses,
639 3837 690 3894 que
712 3818 738 3875 le
762 3819 848 3876 fleuve
871 3817 974 3898 ddpose
991 3819 1056 3876 dans

172 3923 218 3960 ces
234 3903 284 3961 lles
300 3903 388 3982 plutot
405 3924 457 3982 que
475 3925 521 3962 sur
538 3926 583 3962 ces
600 3905 683 3962 borda
699 3904 725 3965 le
741 3903 824 3986 limen
839 3906 949 3982 vegetat,
968 3927 999 3964 ee
1011 3908 1056 3983 qui

172 3987 259 4048 donne
281 3993 297 4047 l
319 3999 409 4049 toules
426 4010 473 4050 ces
489 3989 539 4050 llea
556 4013 607 4050 une
625 3994 760 4052 existence
778 3992 923 4052 semblable
941 4003 968 4051 et
985 4013 1057 4050 com·

835 4091 856 4154 5
