3000 4908
428 363 478 438 52

259 559 334 618 Pane
354 554 373 612 1.
432 561 536 607 remus
563 539 670 627 potius
697 533 878 623 hujusmodi
904 530 1053 622 symbola
1077 537 1111 600 iu
1133 533 1281 622 sepulcro
1303 537 1392 622 ipso,

433 651 523 742 quod
544 660 578 716 ut
601 647 709 735 templi
730 648 861 712 formam
884 669 961 734 prae
984 668 1018 712 se
1041 646 1125 712 ferre
1148 645 1315 724 concedas,
1341 657 1394 711 ta-

433 787 506 830 men
548 760 670 828 nullum
708 761 872 844 vestigium
907 761 1024 824 mortui
1062 758 1196 823 Osiridis
1234 761 1393 824 contines

433 876 576 951 Etiamsi,
606 893 688 956 quae
709 892 795 936 nunc
817 869 942 936 deletae
965 881 1051 948 sunt,
1079 869 1200 956 figurae
1221 874 1396 936 remansis

434 997 518 1062 seut,
547 995 652 1048 tamen
680 982 721 1048 de
742 980 870 1048 tabulae
896 980 981 1046 illius
1004 981 1232 1068 significatione
1255 986 1394 1050 omnino

433 1097 511 1165 nihil
533 1099 610 1161 certi
632 1085 794 1161 declarare
817 1092 1011 1158 auderemus.
1057 1093 1197 1160 Tantilla
1219 1098 1300 1160 enim
1321 1118 1396 1160 me-

434 1213 534 1276 moria
562 1208 604 1275 de
621 1209 856 1294 ‘Aegyptiorum
878 1209 1061 1292 antiquitate
1084 1206 1211 1292 prodita
1233 1218 1294 1287 est,
1323 1219 1394 1273 tam

437 1322 569 1389 confusa
592 1323 705 1399 omnia,
729 1339 810 1403 quae
833 1317 874 1382 de
897 1318 1040 1383 Deorum
1063 1319 1150 1384 cultu
1171 1319 1212 1392 ad
1233 1342 1293 1385 nos
1315 1343 1394 1408 per-

435 1444 600 1512 venerunt,
622 1444 685 1500 tam
707 1434 826 1495 incerta
848 1429 951 1494 adhuc
973 1431 1131 1495 literarum
1153 1454 1310 1498 sacrorum
1333 1455 1394 1498 co-

436 1551 548 1634 gnitio,
576 1558 625 1624 ut,
653 1543 728 1610 licet
755 1545 886 1608 marina
913 1541 1072 1628 diligentia
1094 1546 1280 1630 scriptorum
1302 1549 1393 1610 testi-

425 1663 541 1740 ,moniu
563 1657 702 1744 colligas,
725 1658 909 1743 paucissima
931 1665 1034 1719 tamen
1050 1676 1109 1740 pro
1125 1667 1212 1720 certo
1229 1657 1390 1724 affirmare

436 1775 553 1861 possis,
583 1768 715 1856 plurima
741 1779 775 1833 ut
797 1765 947 1852 subigus
961 1765 1015 1830 vel
1036 1769 1195 1853 incognita
1215 1769 1389 1855 relinquas

436 1883 502 1951 sed
528 1886 561 1946 in
588 1879 768 1968 hujusmodi
793 1877 1061 1966 disquisitionibus
1082 1883 1178 1944 setius
1207 1892 1268 1961 est,
1295 1885 1392 1947 insci-

436 2000 509 2061 tiam
542 1991 700 2080 profiteri,
735 2013 829 2080 quarn
855 1995 1051 2077 incomperta
1079 2003 1111 2058 et
1139 1990 1235 2058 dubia
1261 1996 1295 2058 iu
1322 2017 1391 2060 rne-

437 2107 521 2172 dium
542 2105 695 2192 proferre.
859 2086 885 2128 ⁸

503 2215 670 2285 Crocodili
699 2215 799 2280 forma
825 2218 996 2301 integra,
1024 2213 1126 2303 qualis
1148 2216 1256 2282 tabula
1276 2230 1390 2286 nostra

438 2351 587 2419 expressa
616 2340 676 2405 est,
706 2327 782 2393 alias
809 2331 878 2394 non'
904 2328 1086 2415 frequenter
1111 2333 1275 2416 reperitur.
1330 2332 1389 2396 Dii
1434 2304 1445 2318 ”
1482 2333 1483 2402 J

435 2441 806 2531 xpoxedecioxtrpukoe
837 2439 921 2506 haud
954 2463 1026 2506 raro
1063 2454 1245 2520 oceummt‚
1286 2446 1389 2508 etin

435 2555 590 2640 hypogeis
622 2551 782 2618 Thebanis
821 2573 934 2639 magna
970 2555 1018 2617 vis
1052 2553 1299 2632 crocodilorum,
1338 2555 1389 2620 fa-

435 2664 541 2731 scibus
589 2663 817 2744 involutorum,
872 2667 978 2730 variae
1031 2666 1249 2753 magnitudinis
1297 2669 1392 2732 inve-

432 2781 568 2844 utuntur.

257 2971 263 2984 ·
284 2898 379 2984 velet·
500 2889 596 2954 Juxta
617 2900 741 2977 portam
763 2888 814 2970 (k)
836 2891 869 2954 iu
890 2888 944 2954 illa
960 2892 1040 2954 muri
1054 2901 1152 2977 parte,
1175 2913 1256 2979 quiae
1271 2914 1385 2978 aquam

251 2978 403 3040 'mmm‘
433 3013 570 3090 spectat,
599 3004 818 3086 inscriptiones
847 3013 977 3086 graecas
1001 3001 1172 3068 nonnullas
1196 3007 1385 3084 Invenimus,

434 3135 564 3202 quarum
592 3135 700 3191 unam,
729 3125 874 3179 accurate
900 3113 1033 3179 anobis
1055 3113 1224 3202 depictam,
1251 3118 1313 3181 huc
1334 3139 1386 3183 re-
1478 3095 1481 3174 i

434 3225 516 3290 ferre
538 3224 655 3312 placet:
1480 3209 1481 3248 ¹

542 3329 1273 3436 remisarnorororrncocrouerrsuaue

554 3450 1262 3506 euKAMuuCourcucsnoxorKAtumn

839 3539 970 3588 ornum

431 3658 632 3674 m

499 3745 569 3799 edes.
610 3743 632 3798 11
653 3743 752 3800 semble
777 3761 828 3818 que
850 3750 919 3798 cette
942 3740 1006 3797 salle
1028 3742 1094 3796 e'toit
1114 3759 1149 3798 un
1166 3739 1219 3797 lieu
1236 3738 1270 3795 de
1287 3736 1381 3818 peteri-

500 3847 578 3900 uege,
608 3829 644 3905 eir
670 3827 710 3882 les
732 3847 877 3904 voyagenre
898 3829 977 3905 pieux
998 3829 1122 3884 aimoient
1144 3831 1160 3884 δ
1179 3828 1290 3885 inserite
1307 3824 1381 3885 lenus

502 3931 581 3970 nome
599 3922 627 3970 et
643 3914 784 3991 peut-stre
802 3912 841 3971 les
858 3913 947 3972 motih
964 3911 997 3972 de
1014 3913 1073 3972 leur
1087 3934 1194 3994 voyage.
