<?xml version="1.0" encoding="UTF-8"?>
<!DOCTYPE html PUBLIC "-//W3C//DTD XHTML 1.0 Transitional//EN"
    "http://www.w3.org/TR/xhtml1/DTD/xhtml1-transitional.dtd">
<html xmlns="http://www.w3.org/1999/xhtml" xml:lang="en" lang="en">
 <head>
  <title>
</title>
<meta http-equiv="Content-Type" content="text/html;charset=utf-8" />
  <meta name='ocr-system' content='tesseract 3.04.00' />
  <meta name='ocr-capabilities' content='ocr_page ocr_carea ocr_par ocr_line ocrx_word'/>
</head>
<body>
  <div class='ocr_page' id='page_1' title='image "./dephilisinsulae00partgoog_0105.png"; bbox 0 0 3000 4908; ppageno 0'>
   <div class='ocr_carea' id='block_1_1' title="bbox 451 459 502 534">
    <p class='ocr_par' dir='ltr' id='par_1_1' title="bbox 451 459 502 534">
     <span class='ocr_line' id='line_1_1' title="bbox 451 459 502 534; baseline 0 0"><span class='ocrx_word' id='word_1_1' title='bbox 451 459 502 534; x_wconf 81' lang='lat' dir='ltr'><strong>llll</strong></span> 
     </span>
    </p>
   </div>
   <div class='ocr_carea' id='block_1_2' title="bbox 279 617 1494 3863">
    <p class='ocr_par' dir='ltr' id='par_1_2' title="bbox 279 617 1488 1148">
     <span class='ocr_line' id='line_1_2' title="bbox 279 617 1488 717; baseline -0.006 -11"><span class='ocrx_word' id='word_1_2' title='bbox 279 649 354 708; x_wconf 67' lang='lat' dir='ltr'><strong>rans</strong></span> <span class='ocrx_word' id='word_1_3' title='bbox 371 645 403 706; x_wconf 91' lang='lat' dir='ltr'><strong>u.</strong></span> <span class='ocrx_word' id='word_1_4' title='bbox 453 655 532 702; x_wconf 80' lang='lat' dir='ltr'><strong>este.</strong></span> <span class='ocrx_word' id='word_1_5' title='bbox 571 634 722 708; x_wconf 75' lang='lat' dir='ltr'><strong>Ceterum</strong></span> <span class='ocrx_word' id='word_1_6' title='bbox 744 632 893 698; x_wconf 80' lang='lat' dir='ltr'><strong>schonus</strong></span> <span class='ocrx_word' id='word_1_7' title='bbox 915 628 1086 698; x_wconf 75' lang='lat' dir='ltr'><strong>transtulit:</strong></span> <span class='ocrx_word' id='word_1_8' title='bbox 1115 617 1338 717; x_wconf 67' lang='lat' dir='ltr'><strong>abripuerunt</strong></span> <span class='ocrx_word' id='word_1_9' title='bbox 1361 637 1417 700; x_wconf 74' lang='lat' dir='ltr'><strong>tta</strong></span> <span class='ocrx_word' id='word_1_10' title='bbox 1487 641 1488 646; x_wconf 65' lang='lat'>‘</span> 
     </span>
     <span class='ocr_line' id='line_1_3' title="bbox 453 741 1412 835; baseline -0.001 -22"><span class='ocrx_word' id='word_1_11' title='bbox 453 768 601 835; x_wconf 73' lang='lat' dir='ltr'><strong>quesne,</strong></span> <span class='ocrx_word' id='word_1_12' title='bbox 624 748 680 824; x_wconf 89' lang='lat' dir='ltr'><strong>ait,</strong></span> <span class='ocrx_word' id='word_1_13' title='bbox 702 756 738 810; x_wconf 93' lang='lat' dir='ltr'><strong>ut</strong></span> <span class='ocrx_word' id='word_1_14' title='bbox 758 743 830 810; x_wconf 88' lang='lat' dir='ltr'><strong>illas</strong></span> <span class='ocrx_word' id='word_1_15' title='bbox 854 765 985 831; x_wconf 86' lang='lat' dir='ltr'><strong>quoque</strong></span> <span class='ocrx_word' id='word_1_16' title='bbox 1006 745 1153 829; x_wconf 81' lang='lat' dir='ltr'>regiones</span> <span class='ocrx_word' id='word_1_17' title='bbox 1175 741 1412 830; x_wconf 80' lang='lat' dir='ltr'><strong>perlustrarem,</strong></span> 
     </span>
     <span class='ocr_line' id='line_1_4' title="bbox 451 853 1406 945; baseline -0.002 -19"><span class='ocrx_word' id='word_1_18' title='bbox 451 863 485 926; x_wconf 91' lang='lat' dir='ltr'><strong>in</strong></span> <span class='ocrx_word' id='word_1_19' title='bbox 518 861 617 945; x_wconf 80' lang='lat' dir='ltr'>ipsam</span> <span class='ocrx_word' id='word_1_20' title='bbox 651 877 754 942; x_wconf 86' lang='lat' dir='ltr'><strong>usque</strong></span> <span class='ocrx_word' id='word_1_21' title='bbox 782 857 908 922; x_wconf 74' lang='lat' dir='ltr'><strong>&#39;falmin</strong></span> <span class='ocrx_word' id='word_1_22' title='bbox 940 879 958 922; x_wconf 88' lang='lat' dir='ltr'><strong>a</strong></span> <span class='ocrx_word' id='word_1_23' title='bbox 985 858 1062 920; x_wconf 89' lang='lat' dir='ltr'><strong>meis</strong></span> <span class='ocrx_word' id='word_1_24' title='bbox 1091 853 1326 921; x_wconf 86' lang='lat' dir='ltr'><strong>contribulibus</strong></span> <span class='ocrx_word' id='word_1_25' title='bbox 1352 859 1406 939; x_wconf 81' lang='lat' dir='ltr'><strong>(l)</strong></span> 
     </span>
     <span class='ocr_line' id='line_1_5' title="bbox 453 967 1399 1058; baseline 0.002 -24"><span class='ocrx_word' id='word_1_26' title='bbox 453 975 593 1058; x_wconf 89' lang='lat' dir='ltr'><strong>quinque</strong></span> <span class='ocrx_word' id='word_1_27' title='bbox 617 968 737 1034; x_wconf 89' lang='lat' dir='ltr'><strong>dierum</strong></span> <span class='ocrx_word' id='word_1_28' title='bbox 758 969 927 1036; x_wconf 83' lang='lat' dir='ltr'><strong>intervallo</strong></span> <span class='ocrx_word' id='word_1_29' title='bbox 943 967 1108 1034; x_wconf 88' lang='lat' dir='ltr'><strong>distantem</strong></span> <span class='ocrx_word' id='word_1_30' title='bbox 1125 967 1165 1032; x_wconf 89' lang='lat' dir='ltr'><strong>ad</strong></span> <span class='ocrx_word' id='word_1_31' title='bbox 1181 967 1304 1048; x_wconf 89' lang='lat' dir='ltr'><strong>urbem,</strong></span> <span class='ocrx_word' id='word_1_32' title='bbox 1330 992 1399 1057; x_wconf 87' lang='lat' dir='ltr'><strong>qttae</strong></span> 
     </span>
     <span class='ocr_line' id='line_1_6' title="bbox 453 1082 701 1148; baseline -0.004 0"><span class='ocrx_word' id='word_1_33' title='bbox 453 1084 568 1148; x_wconf 88' lang='lat' dir='ltr'><strong>dicitur</strong></span> <span class='ocrx_word' id='word_1_34' title='bbox 588 1082 701 1148; x_wconf 72' lang='lat' dir='ltr'><strong>Prim.</strong></span> 
     </span>
    </p>

    <p class='ocr_par' dir='ltr' id='par_1_3' title="bbox 451 1184 1491 2293">
     <span class='ocr_line' id='line_1_7' title="bbox 518 1184 1406 1262; baseline -0.001 -1"><span class='ocrx_word' id='word_1_35' title='bbox 518 1191 754 1261; x_wconf 84' lang='lat' dir='ltr'><strong>Accedentibus</strong></span> <span class='ocrx_word' id='word_1_36' title='bbox 779 1192 873 1259; x_wconf 92' lang='lat' dir='ltr'><strong>nobis</strong></span> <span class='ocrx_word' id='word_1_37' title='bbox 904 1184 945 1257; x_wconf 89' lang='lat' dir='ltr'><strong>ad</strong></span> <span class='ocrx_word' id='word_1_38' title='bbox 973 1193 1115 1258; x_wconf 85' lang='lat' dir='ltr'><strong>Senecae</strong></span> <span class='ocrx_word' id='word_1_39' title='bbox 1145 1191 1186 1258; x_wconf 93' lang='lat' dir='ltr'><strong>de</strong></span> <span class='ocrx_word' id='word_1_40' title='bbox 1208 1192 1330 1260; x_wconf 88' lang='lat' dir='ltr'><strong>finibus</strong></span> <span class='ocrx_word' id='word_1_41' title='bbox 1355 1196 1406 1262; x_wconf 83' lang='lat' dir='ltr'><strong>Ae-</strong></span> 
     </span>
     <span class='ocr_line' id='line_1_8' title="bbox 452 1297 1407 1396; baseline -0.001 -22"><span class='ocrx_word' id='word_1_42' title='bbox 452 1311 542 1396; x_wconf 70' lang='lat' dir='ltr'><strong>gypti</strong></span> <span class='ocrx_word' id='word_1_43' title='bbox 563 1307 742 1372; x_wconf 80' lang='lat' dir='ltr'><strong>meridianis</strong></span> <span class='ocrx_word' id='word_1_44' title='bbox 764 1317 797 1371; x_wconf 90' lang='lat' dir='ltr'><strong>et</strong></span> <span class='ocrx_word' id='word_1_45' title='bbox 819 1305 860 1370; x_wconf 93' lang='lat' dir='ltr'><strong>de</strong></span> <span class='ocrx_word' id='word_1_46' title='bbox 875 1305 972 1372; x_wconf 91' lang='lat' dir='ltr'><strong>Philis</strong></span> <span class='ocrx_word' id='word_1_47' title='bbox 996 1307 1179 1392; x_wconf 72' lang='lat' dir='ltr'><strong>opinionem</strong></span> <span class='ocrx_word' id='word_1_48' title='bbox 1199 1303 1243 1387; x_wconf 70' lang='lat'><strong>¹⁵),</strong></span> <span class='ocrx_word' id='word_1_49' title='bbox 1264 1297 1407 1393; x_wconf 73' lang='lat' dir='ltr'><strong>praemd</strong></span> 
     </span>
     <span class='ocr_line' id='line_1_9' title="bbox 451 1419 1413 1498; baseline -0.002 -12"><span class='ocrx_word' id='word_1_50' title='bbox 451 1420 591 1488; x_wconf 89' lang='lat' dir='ltr'><strong>nendum</strong></span> <span class='ocrx_word' id='word_1_51' title='bbox 614 1429 676 1498; x_wconf 87' lang='lat' dir='ltr'><strong>est,</strong></span> <span class='ocrx_word' id='word_1_52' title='bbox 707 1441 776 1483; x_wconf 88' lang='lat' dir='ltr'><strong>eum</strong></span> <span class='ocrx_word' id='word_1_53' title='bbox 799 1421 1012 1484; x_wconf 83' lang='lat' dir='ltr'><strong>narrationem</strong></span> <span class='ocrx_word' id='word_1_54' title='bbox 1039 1429 1105 1484; x_wconf 89' lang='lat' dir='ltr'><strong>arte</strong></span> <span class='ocrx_word' id='word_1_55' title='bbox 1132 1419 1291 1484; x_wconf 81' lang='lat' dir='ltr'><strong>rhetorica</strong></span> <span class='ocrx_word' id='word_1_56' title='bbox 1323 1442 1413 1486; x_wconf 83' lang='lat' dir='ltr'><strong>exor-</strong></span> 
     </span>
     <span class='ocr_line' id='line_1_10' title="bbox 452 1530 1491 1618; baseline -0.005 -15"><span class='ocrx_word' id='word_1_57' title='bbox 452 1557 529 1604; x_wconf 87' lang='lat' dir='ltr'><strong>nare</strong></span> <span class='ocrx_word' id='word_1_58' title='bbox 551 1533 701 1610; x_wconf 87' lang='lat' dir='ltr'><strong>voluisse,</strong></span> <span class='ocrx_word' id='word_1_59' title='bbox 724 1534 913 1618; x_wconf 88' lang='lat' dir='ltr'><strong>scriptorum</strong></span> <span class='ocrx_word' id='word_1_60' title='bbox 936 1533 1122 1596; x_wconf 89' lang='lat' dir='ltr'><strong>auctoritate</strong></span> <span class='ocrx_word' id='word_1_61' title='bbox 1145 1553 1183 1596; x_wconf 87' lang='lat' dir='ltr'><strong>ex</strong></span> <span class='ocrx_word' id='word_1_62' title='bbox 1206 1530 1321 1617; x_wconf 89' lang='lat' dir='ltr'><strong>quibus</strong></span> <span class='ocrx_word' id='word_1_63' title='bbox 1339 1534 1414 1598; x_wconf 88' lang='lat' dir='ltr'><strong>hau·</strong></span> <span class='ocrx_word' id='word_1_64' title='bbox 1490 1533 1491 1554; x_wconf 65' lang='lat'>¹</span> 
     </span>
     <span class='ocr_line' id='line_1_11' title="bbox 451 1642 1412 1735; baseline -0.001 -22"><span class='ocrx_word' id='word_1_65' title='bbox 451 1649 492 1713; x_wconf 89' lang='lat' dir='ltr'><strong>sit</strong></span> <span class='ocrx_word' id='word_1_66' title='bbox 518 1668 629 1735; x_wconf 88' lang='lat' dir='ltr'><strong>parum</strong></span> <span class='ocrx_word' id='word_1_67' title='bbox 658 1655 774 1709; x_wconf 87' lang='lat' dir='ltr'><strong>curata.</strong></span> <span class='ocrx_word' id='word_1_68' title='bbox 827 1642 926 1729; x_wconf 86' lang='lat' dir='ltr'><strong>Quod</strong></span> <span class='ocrx_word' id='word_1_69' title='bbox 954 1646 1085 1708; x_wconf 90' lang='lat' dir='ltr'><strong>omnino</strong></span> <span class='ocrx_word' id='word_1_70' title='bbox 1116 1655 1228 1710; x_wconf 88' lang='lat' dir='ltr'><strong>nostro</strong></span> <span class='ocrx_word' id='word_1_71' title='bbox 1257 1644 1337 1712; x_wconf 91' lang='lat' dir='ltr'><strong>loco</strong></span> <span class='ocrx_word' id='word_1_72' title='bbox 1360 1669 1412 1712; x_wconf 89' lang='lat' dir='ltr'><strong>ac·</strong></span> 
     </span>
     <span class='ocr_line' id='line_1_12' title="bbox 454 1755 1415 1826; baseline -0.001 0"><span class='ocrx_word' id='word_1_73' title='bbox 454 1757 567 1826; x_wconf 85' lang='lat' dir='ltr'><strong>cidisse</strong></span> <span class='ocrx_word' id='word_1_74' title='bbox 594 1756 737 1823; x_wconf 88' lang='lat' dir='ltr'><strong>vidimus.</strong></span> <span class='ocrx_word' id='word_1_75' title='bbox 788 1756 877 1823; x_wconf 89' lang='lat' dir='ltr'><strong>Nihil</strong></span> <span class='ocrx_word' id='word_1_76' title='bbox 904 1759 984 1821; x_wconf 89' lang='lat' dir='ltr'><strong>enirn</strong></span> <span class='ocrx_word' id='word_1_77' title='bbox 1006 1755 1197 1822; x_wconf 90' lang='lat' dir='ltr'><strong>luculentius</strong></span> <span class='ocrx_word' id='word_1_78' title='bbox 1221 1768 1269 1822; x_wconf 86' lang='lat' dir='ltr'><strong>est</strong></span> <span class='ocrx_word' id='word_1_79' title='bbox 1292 1769 1325 1822; x_wconf 94' lang='lat' dir='ltr'><strong>et</strong></span> <span class='ocrx_word' id='word_1_80' title='bbox 1349 1757 1415 1826; x_wconf 90' lang='lat' dir='ltr'><strong>ele·</strong></span> 
     </span>
     <span class='ocr_line' id='line_1_13' title="bbox 453 1868 1416 1959; baseline -0.002 -22"><span class='ocrx_word' id='word_1_81' title='bbox 453 1869 647 1959; x_wconf 81' lang='lat' dir='ltr'><strong>gantiorihus</strong></span> <span class='ocrx_word' id='word_1_82' title='bbox 670 1869 775 1934; x_wconf 90' lang='lat' dir='ltr'><strong>verbis</strong></span> <span class='ocrx_word' id='word_1_83' title='bbox 799 1887 988 1956; x_wconf 84' lang='lat' dir='ltr'><strong>expressum,</strong></span> <span class='ocrx_word' id='word_1_84' title='bbox 1015 1890 1107 1954; x_wconf 89' lang='lat' dir='ltr'><strong>quam</strong></span> <span class='ocrx_word' id='word_1_85' title='bbox 1129 1868 1184 1934; x_wconf 93' lang='lat' dir='ltr'><strong>illa</strong></span> <span class='ocrx_word' id='word_1_86' title='bbox 1206 1870 1273 1934; x_wconf 91' lang='lat' dir='ltr'><strong>Nili</strong></span> <span class='ocrx_word' id='word_1_87' title='bbox 1295 1868 1416 1936; x_wconf 85' lang='lat' dir='ltr'><strong>descri-</strong></span> 
     </span>
     <span class='ocr_line' id='line_1_14' title="bbox 453 1980 1416 2071; baseline -0.002 -21"><span class='ocrx_word' id='word_1_88' title='bbox 453 1986 522 2071; x_wconf 89' lang='lat' dir='ltr'><strong>ptio</strong></span> <span class='ocrx_word' id='word_1_89' title='bbox 544 1981 619 2048; x_wconf 87' lang='lat' dir='ltr'><strong>inde</strong></span> <span class='ocrx_word' id='word_1_90' title='bbox 643 2005 662 2046; x_wconf 92' lang='lat' dir='ltr'><strong>a</strong></span> <span class='ocrx_word' id='word_1_91' title='bbox 685 1981 904 2066; x_wconf 89' lang='lat' dir='ltr'><strong>disquisitione</strong></span> <span class='ocrx_word' id='word_1_92' title='bbox 928 1980 968 2045; x_wconf 92' lang='lat' dir='ltr'><strong>de</strong></span> <span class='ocrx_word' id='word_1_93' title='bbox 996 1980 1137 2046; x_wconf 85' lang='lat' dir='ltr'><strong>fontibus</strong></span> <span class='ocrx_word' id='word_1_94' title='bbox 1160 2005 1262 2069; x_wconf 89' lang='lat' dir='ltr'><strong>usque</strong></span> <span class='ocrx_word' id='word_1_95' title='bbox 1285 1981 1328 2046; x_wconf 89' lang='lat' dir='ltr'><strong>ad</strong></span> <span class='ocrx_word' id='word_1_96' title='bbox 1350 1987 1416 2048; x_wconf 85' lang='lat' dir='ltr'><strong>exi·</strong></span> 
     </span>
     <span class='ocr_line' id='line_1_15' title="bbox 454 2092 1416 2168; baseline -0.002 -6"><span class='ocrx_word' id='word_1_97' title='bbox 454 2107 519 2162; x_wconf 86' lang='lat' dir='ltr'><strong>tum</strong></span> <span class='ocrx_word' id='word_1_98' title='bbox 541 2099 574 2161; x_wconf 90' lang='lat' dir='ltr'><strong>in</strong></span> <span class='ocrx_word' id='word_1_99' title='bbox 596 2115 681 2158; x_wconf 88' lang='lat' dir='ltr'><strong>mare</strong></span> <span class='ocrx_word' id='word_1_100' title='bbox 702 2092 979 2168; x_wconf 88' lang='lat' dir='ltr'><strong>mediterraneum;</strong></span> <span class='ocrx_word' id='word_1_101' title='bbox 1004 2092 1044 2157; x_wconf 90' lang='lat' dir='ltr'><strong>de</strong></span> <span class='ocrx_word' id='word_1_102' title='bbox 1066 2097 1199 2160; x_wconf 84' lang='lat' dir='ltr'><strong>veritato</strong></span> <span class='ocrx_word' id='word_1_103' title='bbox 1221 2106 1326 2160; x_wconf 84' lang='lat' dir='ltr'><strong>autern</strong></span> <span class='ocrx_word' id='word_1_104' title='bbox 1340 2117 1416 2161; x_wconf 89' lang='lat' dir='ltr'><strong>nar-</strong></span> 
     </span>
     <span class='ocr_line' id='line_1_16' title="bbox 453 2203 1416 2293; baseline 0.001 -20"><span class='ocrx_word' id='word_1_105' title='bbox 453 2210 585 2274; x_wconf 77' lang='lat' dir='ltr'><strong>rationis</strong></span> <span class='ocrx_word' id='word_1_106' title='bbox 605 2227 833 2292; x_wconf 88' lang='lat' dir='ltr'><strong>nonnunquam</strong></span> <span class='ocrx_word' id='word_1_107' title='bbox 858 2203 1003 2271; x_wconf 87' lang='lat' dir='ltr'><strong>duhitare</strong></span> <span class='ocrx_word' id='word_1_108' title='bbox 1032 2205 1116 2271; x_wconf 90' lang='lat' dir='ltr'><strong>licet.</strong></span> <span class='ocrx_word' id='word_1_109' title='bbox 1166 2205 1341 2293; x_wconf 89' lang='lat' dir='ltr'><strong>Postquam</strong></span> <span class='ocrx_word' id='word_1_110' title='bbox 1372 2207 1416 2274; x_wconf 91' lang='lat' dir='ltr'><strong>de</strong></span> 
     </span>
    </p>

    <p class='ocr_par' dir='ltr' id='par_1_4' title="bbox 354 2306 1418 2396">
     <span class='ocr_line' id='line_1_17' title="bbox 354 2306 1418 2396; baseline 0 -10"><span class='ocrx_word' id='word_1_111' title='bbox 354 2306 356 2310; x_wconf 32' lang='lat'><strong><em>¹</em></strong></span> <span class='ocrx_word' id='word_1_112' title='bbox 454 2320 532 2386; x_wconf 89' lang='lat' dir='ltr'><strong>Nilo</strong></span> <span class='ocrx_word' id='word_1_113' title='bbox 555 2321 653 2384; x_wconf 87' lang='lat' dir='ltr'><strong>fluvio</strong></span> <span class='ocrx_word' id='word_1_114' title='bbox 676 2321 836 2384; x_wconf 86' lang='lat' dir='ltr'><strong>verissime</strong></span> <span class='ocrx_word' id='word_1_115' title='bbox 859 2320 938 2384; x_wconf 89' lang='lat' dir='ltr'><strong>haec</strong></span> <span class='ocrx_word' id='word_1_116' title='bbox 960 2318 1048 2383; x_wconf 84' lang='lat' dir='ltr'><strong>dixit:</strong></span> <span class='ocrx_word' id='word_1_117' title='bbox 1071 2317 1185 2396; x_wconf 87' lang='lat' dir='ltr'><strong>„Unde</strong></span> <span class='ocrx_word' id='word_1_118' title='bbox 1201 2341 1344 2384; x_wconf 87' lang='lat' dir='ltr'><strong>crescere</strong></span> <span class='ocrx_word' id='word_1_119' title='bbox 1366 2325 1418 2386; x_wconf 90' lang='lat' dir='ltr'><strong>in-</strong></span> 
     </span>
    </p>

    <p class='ocr_par' dir='ltr' id='par_1_5' title="bbox 351 2430 1494 2969">
     <span class='ocr_line' id='line_1_18' title="bbox 351 2430 1415 2520; baseline 0 -22"><span class='ocrx_word' id='word_1_120' title='bbox 351 2491 352 2498; x_wconf 63' lang='lat'><strong>.</strong></span> <span class='ocrx_word' id='word_1_121' title='bbox 453 2436 580 2520; x_wconf 83' lang='lat' dir='ltr'><strong>‚‚oipiat,</strong></span> <span class='ocrx_word' id='word_1_122' title='bbox 609 2435 634 2496; x_wconf 90' lang='lat' dir='ltr'><strong>si</strong></span> <span class='ocrx_word' id='word_1_123' title='bbox 658 2430 882 2516; x_wconf 87' lang='lat' dir='ltr'><strong>comprehendi</strong></span> <span class='ocrx_word' id='word_1_124' title='bbox 904 2443 1027 2518; x_wconf 87' lang='lat' dir='ltr'><strong>posset,</strong></span> <span class='ocrx_word' id='word_1_125' title='bbox 1057 2453 1186 2496; x_wconf 88' lang='lat' dir='ltr'><strong>caussae</strong></span> <span class='ocrx_word' id='word_1_126' title='bbox 1213 2451 1343 2518; x_wconf 91' lang='lat' dir='ltr'><strong>quoque</strong></span> <span class='ocrx_word' id='word_1_127' title='bbox 1366 2435 1415 2498; x_wconf 92' lang='lat' dir='ltr'><strong>in·</strong></span> 
     </span>
     <span class='ocr_line' id='line_1_19' title="bbox 454 2544 1412 2629; baseline -0.001 -18"><span class='ocrx_word' id='word_1_128' title='bbox 454 2547 622 2626; x_wconf 83' lang='lat' dir='ltr'><strong>„crementi</strong></span> <span class='ocrx_word' id='word_1_129' title='bbox 644 2546 885 2622; x_wconf 87' lang='lat' dir='ltr'><strong>invenirentur,“</strong></span> <span class='ocrx_word' id='word_1_130' title='bbox 908 2554 1083 2629; x_wconf 87' lang='lat' dir='ltr'><strong>sequuntur</strong></span> <span class='ocrx_word' id='word_1_131' title='bbox 1099 2544 1191 2609; x_wconf 88' lang='lat' dir='ltr'><strong>hacc:</strong></span> <span class='ocrx_word' id='word_1_132' title='bbox 1214 2565 1316 2622; x_wconf 88' lang='lat' dir='ltr'><strong>„nunc</strong></span> <span class='ocrx_word' id='word_1_133' title='bbox 1330 2566 1412 2610; x_wconf 85' lang='lat' dir='ltr'><strong>vero</strong></span> 
     </span>
     <span class='ocr_line' id='line_1_20' title="bbox 454 2655 1494 2744; baseline -0.008 -22"><span class='ocrx_word' id='word_1_134' title='bbox 454 2679 597 2744; x_wconf 77' lang='lat' dir='ltr'><strong>„magnas</strong></span> <span class='ocrx_word' id='word_1_135' title='bbox 621 2656 808 2722; x_wconf 92' lang='lat' dir='ltr'><strong>solitudines</strong></span> <span class='ocrx_word' id='word_1_136' title='bbox 831 2669 1028 2743; x_wconf 77' lang='lat' dir='ltr'><strong>pervagatus,</strong></span> <span class='ocrx_word' id='word_1_137' title='bbox 1053 2667 1084 2720; x_wconf 88' lang='lat' dir='ltr'><strong>ct</strong></span> <span class='ocrx_word' id='word_1_138' title='bbox 1105 2659 1138 2722; x_wconf 92' lang='lat' dir='ltr'><strong>in</strong></span> <span class='ocrx_word' id='word_1_139' title='bbox 1160 2655 1294 2744; x_wconf 89' lang='lat' dir='ltr'><strong>paludes</strong></span> <span class='ocrx_word' id='word_1_140' title='bbox 1317 2656 1413 2721; x_wconf 86' lang='lat' dir='ltr'><strong>dtttu-</strong></span> <span class='ocrx_word' id='word_1_141' title='bbox 1492 2673 1494 2714; x_wconf 85' lang='lat' dir='ltr'><strong>t</strong></span> 
     </span>
     <span class='ocr_line' id='line_1_21' title="bbox 453 2768 1411 2856; baseline 0 -21"><span class='ocrx_word' id='word_1_142' title='bbox 453 2793 533 2851; x_wconf 70' lang='lat' dir='ltr'><strong>„sus</strong></span> <span class='ocrx_word' id='word_1_143' title='bbox 556 2768 700 2856; x_wconf 81' lang='lat' dir='ltr'><strong>gentibus</strong></span> <span class='ocrx_word' id='word_1_144' title='bbox 724 2791 858 2855; x_wconf 89' lang='lat' dir='ltr'><strong>sparsus,</strong></span> <span class='ocrx_word' id='word_1_145' title='bbox 882 2774 961 2833; x_wconf 89' lang='lat' dir='ltr'><strong>circa</strong></span> <span class='ocrx_word' id='word_1_146' title='bbox 984 2769 1090 2834; x_wconf 89' lang='lat' dir='ltr'><strong>Philas</strong></span> <span class='ocrx_word' id='word_1_147' title='bbox 1112 2773 1245 2855; x_wconf 85' lang='lat' dir='ltr'><strong>primum</strong></span> <span class='ocrx_word' id='word_1_148' title='bbox 1267 2791 1304 2834; x_wconf 88' lang='lat' dir='ltr'><strong>ex</strong></span> <span class='ocrx_word' id='word_1_149' title='bbox 1326 2791 1411 2856; x_wconf 83' lang='lat' dir='ltr'><strong>vago</strong></span> 
     </span>
     <span class='ocr_line' id='line_1_22' title="bbox 454 2880 1412 2969; baseline 0.001 -21"><span class='ocrx_word' id='word_1_150' title='bbox 454 2893 505 2963; x_wconf 89' lang='lat' dir='ltr'><strong>„et</strong></span> <span class='ocrx_word' id='word_1_151' title='bbox 527 2894 650 2948; x_wconf 85' lang='lat' dir='ltr'><strong>errante</strong></span> <span class='ocrx_word' id='word_1_152' title='bbox 674 2881 840 2968; x_wconf 78' lang='lat' dir='ltr'><strong>colligitur.</strong></span> <span class='ocrx_word' id='word_1_153' title='bbox 892 2880 1001 2946; x_wconf 85' lang='lat' dir='ltr'><strong>Philae</strong></span> <span class='ocrx_word' id='word_1_154' title='bbox 1029 2881 1131 2946; x_wconf 90' lang='lat' dir='ltr'><strong>insula</strong></span> <span class='ocrx_word' id='word_1_155' title='bbox 1160 2893 1207 2948; x_wconf 89' lang='lat' dir='ltr'><strong>est</strong></span> <span class='ocrx_word' id='word_1_156' title='bbox 1236 2904 1348 2969; x_wconf 88' lang='lat' dir='ltr'><strong>aspera</strong></span> <span class='ocrx_word' id='word_1_157' title='bbox 1380 2895 1412 2949; x_wconf 90' lang='lat' dir='ltr'><strong>et</strong></span> 
     </span>
    </p>

    <p class='ocr_par' dir='ltr' id='par_1_6' title="bbox 372 2994 1417 3863">
     <span class='ocr_line' id='line_1_23' title="bbox 372 2994 1413 3085; baseline -0.002 -24"><span class='ocrx_word' id='word_1_158' title='bbox 372 3063 373 3068; x_wconf 63' lang='grc'>,</span> <span class='ocrx_word' id='word_1_159' title='bbox 453 2995 612 3082; x_wconf 84' lang='lat' dir='ltr'><strong>„undique</strong></span> <span class='ocrx_word' id='word_1_160' title='bbox 634 3006 818 3082; x_wconf 88' lang='lat' dir='ltr'><strong>praerupta,</strong></span> <span class='ocrx_word' id='word_1_161' title='bbox 842 2994 968 3060; x_wconf 91' lang='lat' dir='ltr'><strong>duobus</strong></span> <span class='ocrx_word' id='word_1_162' title='bbox 990 2995 1024 3059; x_wconf 90' lang='lat' dir='ltr'><strong>in</strong></span> <span class='ocrx_word' id='word_1_163' title='bbox 1045 3016 1141 3085; x_wconf 89' lang='lat' dir='ltr'><strong>unum</strong></span> <span class='ocrx_word' id='word_1_164' title='bbox 1164 2998 1293 3060; x_wconf 84' lang='lat' dir='ltr'><strong>coituris</strong></span> <span class='ocrx_word' id='word_1_165' title='bbox 1316 2999 1413 3060; x_wconf 88' lang='lat' dir='ltr'><strong>amni·</strong></span> 
     </span>
     <span class='ocr_line' id='line_1_24' title="bbox 454 3095 1412 3194; baseline 0.004 -24"><span class='ocrx_word' id='word_1_166' title='bbox 454 3105 531 3186; x_wconf 90' lang='lat' dir='ltr'><strong>„bus</strong></span> <span class='ocrx_word' id='word_1_167' title='bbox 554 3109 701 3191; x_wconf 83' lang='lat' dir='ltr'><strong>cingitur,</strong></span> <span class='ocrx_word' id='word_1_168' title='bbox 724 3109 779 3192; x_wconf 92' lang='lat' dir='ltr'><strong>qui</strong></span> <span class='ocrx_word' id='word_1_169' title='bbox 800 3107 878 3173; x_wconf 92' lang='lat' dir='ltr'><strong>Nilo</strong></span> <span class='ocrx_word' id='word_1_170' title='bbox 900 3117 1058 3173; x_wconf 89' lang='lat' dir='ltr'><strong>mutantur</strong></span> <span class='ocrx_word' id='word_1_171' title='bbox 1081 3119 1112 3172; x_wconf 92' lang='lat' dir='ltr'><strong>et</strong></span> <span class='ocrx_word' id='word_1_172' title='bbox 1135 3109 1203 3194; x_wconf 85' lang='lat' dir='ltr'><strong>ejus</strong></span> <span class='ocrx_word' id='word_1_173' title='bbox 1225 3095 1343 3175; x_wconf 89' lang='lat' dir='ltr'><strong>nomen</strong></span> <span class='ocrx_word' id='word_1_174' title='bbox 1366 3109 1412 3174; x_wconf 88' lang='lat' dir='ltr'><strong>fe-</strong></span> 
     </span>
     <span class='ocr_line' id='line_1_25' title="bbox 454 3218 1410 3306; baseline 0.003 -22"><span class='ocrx_word' id='word_1_175' title='bbox 454 3230 553 3298; x_wconf 80' lang='lat' dir='ltr'><strong>„runt</strong></span> <span class='ocrx_word' id='word_1_176' title='bbox 614 3218 735 3284; x_wconf 88' lang='lat' dir='ltr'><strong>Urbem</strong></span> <span class='ocrx_word' id='word_1_177' title='bbox 774 3230 871 3287; x_wconf 88' lang='lat' dir='ltr'><strong>totam</strong></span> <span class='ocrx_word' id='word_1_178' title='bbox 905 3220 1131 3306; x_wconf 86' lang='lat' dir='ltr'><strong>complectitur.</strong></span> <span class='ocrx_word' id='word_1_179' title='bbox 1192 3221 1284 3286; x_wconf 89' lang='lat' dir='ltr'><strong>Hanc</strong></span> <span class='ocrx_word' id='word_1_180' title='bbox 1316 3222 1410 3288; x_wconf 88' lang='lat' dir='ltr'><strong>Nilus</strong></span> 
     </span>
     <span class='ocr_line' id='line_1_26' title="bbox 454 3333 1404 3421; baseline 0.002 -25"><span class='ocrx_word' id='word_1_181' title='bbox 454 3350 600 3418; x_wconf 82' lang='lat' dir='ltr'><strong>„magnus</strong></span> <span class='ocrx_word' id='word_1_182' title='bbox 624 3335 728 3418; x_wconf 84' lang='lat' dir='ltr'><strong>tnagis,</strong></span> <span class='ocrx_word' id='word_1_183' title='bbox 751 3356 844 3419; x_wconf 86' lang='lat' dir='ltr'><strong>quarn</strong></span> <span class='ocrx_word' id='word_1_184' title='bbox 859 3333 1028 3411; x_wconf 85' lang='lat' dir='ltr'><strong>violentus,</strong></span> <span class='ocrx_word' id='word_1_185' title='bbox 1051 3353 1194 3420; x_wconf 80' lang='lat' dir='ltr'><strong>egressus</strong></span> <span class='ocrx_word' id='word_1_186' title='bbox 1209 3335 1404 3421; x_wconf 87' lang='lat' dir='ltr'><strong>Aethiopiam</strong></span> 
     </span>
     <span class='ocr_line' id='line_1_27' title="bbox 454 3444 1407 3532; baseline -0.001 -22"><span class='ocrx_word' id='word_1_187' title='bbox 454 3465 655 3530; x_wconf 87' lang='lat' dir='ltr'><strong>,‚arenasque,</strong></span> <span class='ocrx_word' id='word_1_188' title='bbox 677 3467 736 3530; x_wconf 91' lang='lat' dir='ltr'><strong>per</strong></span> <span class='ocrx_word' id='word_1_189' title='bbox 758 3467 836 3532; x_wconf 86' lang='lat' dir='ltr'><strong>quas</strong></span> <span class='ocrx_word' id='word_1_190' title='bbox 857 3449 918 3511; x_wconf 91' lang='lat' dir='ltr'><strong>iter</strong></span> <span class='ocrx_word' id='word_1_191' title='bbox 940 3446 980 3512; x_wconf 89' lang='lat' dir='ltr'><strong>ad</strong></span> <span class='ocrx_word' id='word_1_192' title='bbox 1003 3449 1187 3511; x_wconf 89' lang='lat' dir='ltr'><strong>commercia</strong></span> <span class='ocrx_word' id='word_1_193' title='bbox 1202 3444 1303 3510; x_wconf 88' lang='lat' dir='ltr'><strong>Indici</strong></span> <span class='ocrx_word' id='word_1_194' title='bbox 1317 3447 1407 3510; x_wconf 83' lang='lat' dir='ltr'><strong>matis</strong></span> 
     </span>
     <span class='ocr_line' id='line_1_28' title="bbox 453 3556 1417 3645; baseline -0.004 -21"><span class='ocrx_word' id='word_1_195' title='bbox 453 3569 529 3637; x_wconf 86' lang='lat' dir='ltr'><strong>,‚est,</strong></span> <span class='ocrx_word' id='word_1_196' title='bbox 550 3556 753 3645; x_wconf 81' lang='lat' dir='ltr'><strong>praelabitur.</strong></span> <span class='ocrx_word' id='word_1_197' title='bbox 786 3559 955 3644; x_wconf 87' lang='lat' dir='ltr'><strong>Excipiunt</strong></span> <span class='ocrx_word' id='word_1_198' title='bbox 978 3580 1047 3622; x_wconf 87' lang='lat' dir='ltr'><strong>eum</strong></span> <span class='ocrx_word' id='word_1_199' title='bbox 1071 3568 1253 3624; x_wconf 88' lang='lat' dir='ltr'><strong>cataractae.</strong></span> <span class='ocrx_word' id='word_1_200' title='bbox 1278 3589 1320 3606; x_wconf 89' lang='lat'><em>-</em></span> <span class='ocrx_word' id='word_1_201' title='bbox 1343 3557 1417 3620; x_wconf 87' lang='lat' dir='ltr'><strong>Pn‘·</strong></span> 
     </span>
     <span class='ocr_line' id='line_1_29' title="bbox 453 3663 1417 3750; baseline -0.006 -14"><span class='ocrx_word' id='word_1_202' title='bbox 453 3691 554 3748; x_wconf 89' lang='lat' dir='ltr'><strong>„mum</strong></span> <span class='ocrx_word' id='word_1_203' title='bbox 576 3674 801 3735; x_wconf 87' lang='lat' dir='ltr'><strong>incrementum</strong></span> <span class='ocrx_word' id='word_1_204' title='bbox 823 3669 891 3734; x_wconf 90' lang='lat' dir='ltr'><strong>Nili</strong></span> <span class='ocrx_word' id='word_1_205' title='bbox 913 3673 995 3734; x_wconf 89' lang='lat' dir='ltr'><strong>circa</strong></span> <span class='ocrx_word' id='word_1_206' title='bbox 1016 3666 1164 3742; x_wconf 86' lang='lat' dir='ltr'><strong>insulam,</strong></span> <span class='ocrx_word' id='word_1_207' title='bbox 1195 3685 1287 3750; x_wconf 89' lang='lat' dir='ltr'><strong>quam</strong></span> <span class='ocrx_word' id='word_1_208' title='bbox 1309 3663 1417 3734; x_wconf 87' lang='lat' dir='ltr'><strong>modo</strong></span> 
     </span>
     <span class='ocr_line' id='line_1_30' title="bbox 454 3774 1416 3863; baseline -0.001 -19"><span class='ocrx_word' id='word_1_209' title='bbox 454 3780 592 3860; x_wconf 88' lang='lat' dir='ltr'><strong>‚‚rettuli,</strong></span> <span class='ocrx_word' id='word_1_210' title='bbox 614 3780 719 3845; x_wconf 88' lang='lat' dir='ltr'><strong>Philas</strong></span> <span class='ocrx_word' id='word_1_211' title='bbox 740 3783 889 3846; x_wconf 86' lang='lat' dir='ltr'><strong>noscitur.</strong></span> <span class='ocrx_word' id='word_1_212' title='bbox 935 3781 1056 3863; x_wconf 81' lang='lat' dir='ltr'><strong>Exiguo</strong></span> <span class='ocrx_word' id='word_1_213' title='bbox 1079 3774 1120 3840; x_wconf 90' lang='lat' dir='ltr'><strong>ab</strong></span> <span class='ocrx_word' id='word_1_214' title='bbox 1142 3776 1205 3840; x_wconf 84' lang='lat' dir='ltr'><strong>hos</strong></span> <span class='ocrx_word' id='word_1_215' title='bbox 1227 3776 1329 3863; x_wconf 85' lang='lat' dir='ltr'><strong>spatio</strong></span> <span class='ocrx_word' id='word_1_216' title='bbox 1353 3799 1416 3862; x_wconf 88' lang='lat' dir='ltr'><strong>pe-</strong></span> 
     </span>
    </p>
   </div>
   <div class='ocr_carea' id='block_1_3' title="bbox 454 3937 655 3953">
    <p class='ocr_par' dir='ltr' id='par_1_7' title="bbox 454 3937 655 3953">
     <span class='ocr_line' id='line_1_31' title="bbox 454 3937 655 3953; baseline -0.015 -2"><span class='ocrx_word' id='word_1_217' title='bbox 454 3937 655 3953; x_wconf 43' lang='lat' dir='ltr'><strong>*a*</strong></span> 
     </span>
    </p>
   </div>
   <div class='ocr_carea' id='block_1_4' title="bbox 490 4015 888 4094">
    <p class='ocr_par' dir='ltr' id='par_1_8' title="bbox 490 4015 888 4094">
     <span class='ocr_line' id='line_1_32' title="bbox 490 4015 888 4094; baseline -0.013 -13"><span class='ocrx_word' id='word_1_218' title='bbox 490 4023 519 4094; x_wconf 68' lang='lat' dir='ltr'><strong>*l</strong></span> <span class='ocrx_word' id='word_1_219' title='bbox 535 4019 651 4080; x_wconf 83' lang='lat' dir='ltr'><strong>Natural.</strong></span> <span class='ocrx_word' id='word_1_220' title='bbox 672 4019 781 4094; x_wconf 78' lang='lat' dir='ltr'><strong>Quaeet.</strong></span> <span class='ocrx_word' id='word_1_221' title='bbox 799 4015 888 4088; x_wconf 47' lang='lat' dir='ltr'><strong>lvd.</strong></span> 
     </span>
    </p>
   </div>
   <div class='ocr_carea' id='block_1_5' title="bbox 0 0 1504 4908">
    <p class='ocr_par' dir='ltr' id='par_1_9' title="bbox 0 0 1504 4908">
     <span class='ocr_line' id='line_1_33' title="bbox 0 0 1504 4908; baseline 0 0"><span class='ocrx_word' id='word_1_222' title='bbox 0 0 1504 4908; x_wconf 95' lang='lat' dir='ltr'><strong> </strong></span> 
     </span>
    </p>
   </div>
  </div>
 </body>
</html>
