3000 4908
465 379 515 456 tt

288 572 364 632 Pars
381 571 415 630 n.
466 556 592 624 Graeca
615 559 765 623 versione
794 553 908 622 tradita
936 575 1006 622 esse
1026 550 1077 640 ⁴),
1108 551 1214 620 Philas
1243 575 1426 642 quoquea

466 667 594 738 Graeco
618 669 717 759 φίλος
737 678 871 756 propter
899 665 964 734 loci
986 669 1206 732 amoenitatem
1229 665 1329 732 dictas
1354 691 1425 736 esse

465 781 550 850 haud
571 783 725 848 immerito
751 783 914 846 existimes.
965 777 1143 846 Similitudo
1168 777 1321 844 vocabuli
1344 781 1422 848 Ara

464 893 530 962 hici
562 892 610 957 fil
643 891 813 978 (elephas)
847 885 1047 980 nequaquam
1080 892 1142 956 huc
1176 890 1333 958 trahenda
1369 905 1413 958 est

469 1005 558 1094 Quas
586 1007 619 1070 in
641 1003 847 1091 scriptoribus
870 1005 1004 1088 antiquis
1028 1001 1237 1090 etymologias
1258 1001 1413 1084 habemns,

467 1139 578 1185 omnes
593 1120 626 1182 iu
641 1116 767 1202 Graeca
782 1119 902 1204 origine
918 1118 1126 1196 consentiunt,
1150 1138 1340 1204 quamquam
1356 1122 1421 1204 ipsa

466 1231 664 1298 derivatione
688 1227 826 1294 diversa:
855 1228 1021 1294 Servius
1051 1227 1091 1292 ad
1119 1227 1243 1294 Aneid.·
1257 1229 1323 1308 VI,
1347 1231 1422 1295 154.

370 1387 374 1394 -
465 1345 565 1424 „circa
588 1343 719 1428 Syenen
742 1362 813 1406 esse
834 1339 950 1418 locum,
973 1361 1051 1425 quas
1073 1339 1188 1420 Philas,
1209 1344 1230 1404 i.
1254 1361 1281 1406 e.
1306 1345 1423 1408 amicas

463 1465 589 1534 vocant,
613 1457 686 1540 quia
708 1452 774 1517 illic
795 1451 920 1540 placata
935 1463 983 1518 est
999 1450 1039 1517 ab
1054 1453 1220 1540 Aegyptiis
1242 1451 1300 1517 Isis
1324 1455 1422 1520 irata“

466 1605 507 1620 -
539 1578 571 1632 et
593 1565 785 1632 Scholiastes
808 1559 958 1652 Lucahi
980 1565 1088 1630 Phars.
1111 1565 1155 1644 X,
1177 1565 1251 1630 313.
1276 1563 1328 1629 ed.
1355 1565 1423 1630 Ou-

465 1679 620 1768 dendorp.
649 1678 785 1759 „Philae
812 1675 888 1742 urbs
918 1679 1017 1764 pn'ma
1044 1677 1197 1764 Aegypti,
1229 1677 1422 1766 Aethiopiae

465 1793 667 1868 contermina,
691 1789 776 1877 apud
799 1811 901 1876 quam,
924 1787 978 1854 din
1000 1791 1106 1855 tractis
1127 1788 1222 1854 bellis
1242 1789 1421 1879 Aethiopes

466 1916 498 1970 et
518 1905 667 1990 Aegyptii
690 1924 774 1967 arma
796 1911 987 1988 posuerunt,
1014 1904 1048 1968 in
1074 1904 1236 1968 amicitiam
1258 1914 1423 1970 reverten-

464 2027 527 2095 tes,
556 2014 641 2080 unde
672 2017 778 2078 civitas
808 2005 875 2078 ἀπὸ
904 2013 964 2093 τῆς
992 2014 1107 2104 φιλίας
1131 2035 1248 2080 nomen
1270 2020 1423 2102 accepitss

464 2127 561 2193 Haud
596 2128 663 2191 scio
699 2146 740 2190 an
775 2125 962 2198 scholiastes
996 2137 1123 2192 secutus
1150 2129 1191 2190 sit
1212 2127 1424 2214 Procopium,

468 2243 523 2326 qui
545 2238 613 2303 lere
637 2235 747 2303 eadem
769 2237 874 2318 refert,
897 2237 938 2304 de
961 2237 1050 2304 bello
1073 2237 1201 2304 Persico
1218 2236 1262 2304 lih
1280 2239 1304 2303 Ι.
1322 2262 1349 2304 o.
1366 2243 1424 2307 19.

466 2350 515 2418 ed.
548 2335 724 2416 Aoescnen
758 2355 867 2416 καίτοι
895 2351 953 2416 καὶ
980 2344 1086 2431 νῆσόν
1112 2371 1188 2416 τινα
1216 2354 1252 2418 ἐν
1277 2353 1426 2439 ποταμῷ

464 2465 560 2547 νείλῳ
588 2455 728 2546 ἄγχιστα
755 2484 802 2542 ιιη
831 2460 891 2542 τῆς
921 2462 1135 2552 ἐλεφαντίνοις
1163 2456 1289 2540 πόλεως
1316 2458 1426 2552 εὑρὼν

465 2571 484 2642 ὁ
513 2567 667 2660 βασιλεὺς
694 2561 805 2651 οὗτος,
842 2567 1003 2664 φρούριόν
1031 2595 1065 2638 τι
1093 2569 1195 2665 ταύτῃ
1222 2569 1425 2660 δειμάμενος

464 2680 669 2775 ἐχυρώτατον
690 2677 819 2760 κοινούς
839 2705 933 2762 τινας
954 2684 1108 2751 ἐνταῦθα
1128 2689 1209 2763 νέως
1229 2708 1264 2751 τι
1278 2687 1336 2752 καὶ
1348 2687 1424 2772 βω-

462 2791 546 2885 μοὺς
566 2798 726 2884 ῥωμαίοις
745 2818 781 2861 τε
802 2797 859 2861 καὶ
880 2791 1008 2874 τούτοις
1030 2789 1071 2878 δὴ
1093 2793 1319 2879 κατεστήσατο
1347 2807 1424 2879 τοῖς

462 2901 669 2998 βαρβάροις(
707 2909 764 2973 καὶ
800 2887 897 2996 ἱερεῖς
933 2904 1080 2976 ἑκάστων
1120 2913 1155 2976 ἐν
1187 2911 1235 2995 τῷ
1268 2914 1422 3001 φρουρίῳ

462 3015 567 3104 τούτῳ
594 3014 767 3108 ἱδρύσατο,
780 3024 832 3088 ·ίν
858 3020 906 3105 τῷ
933 3021 1060 3106 βεβαίῳ
1081 3014 1143 3103 τὴν
1165 3023 1281 3112 φιλίαν
1303 3017 1423 3102 αὐτοῖς

463 3132 604 3198 ἔσεσθαι
618 3132 666 3216 τῷ
680 3135 824 3219 μετέχειν
838 3132 904 3198 τῶν
925 3133 1022 3222 ἱερῶν
1044 3134 1159 3223 σφίσιν
1181 3127 1338 3221 οίόμενος,
1364 3130 1421 3201 διὸ
1478 3209 1479 3228 ¹

465 3237 506 3324 δή
535 3244 592 3309 καί
621 3245 748 3334 φίλας
776 3238 968 3330 ἐπωνόμασε
996 3239 1035 3311 τὸ
1061 3240 1191 3334 χώριον.
1223 3285 1264 3299 -
1299 3245 1419 3334 Neque

466 3356 624 3444 discrepat
638 3355 678 3420 ab
695 3357 888 3442 etymologia
901 3357 1026 3423 Graeca
1040 3378 1157 3422 nomen
1171 3357 1293 3422 insulae
1304 3358 1412 3424 Arabi

464 3505 547 3552 oum:
576 3465 720 3598 5³5²)ss
751 3470 853 3583 wll
879 3481 1200 3568 Anas-el-wodjud,
1228 3481 1424 3565 hilaritas

462 3625 635 3692 naturae,
660 3617 747 3700 cujus
767 3615 901 3680 nominis
917 3609 1176 3697 significationem
1189 3606 1314 3672 incolae
1329 3593 1428 3675 nunc

1318 3713 1422 3802 plane

403 3915 406 3920 ’
498 3907 524 3985 ⁸)
547 3933 570 3970 v.
589 3935 611 3973 e
630 3912 840 3994 Apollinopnlin,
864 3909 1018 3992 Diospohn,
1041 3911 1203 3990 llilithyianr',
1224 3906 1420 3987 Elephantinen

532 4005 581 4056 etc.
