3000 4908
1004 391 1075 472 103

116 575 205 640 cham
228 571 484 647 Alexandrinum,
507 579 602 656 caput
624 566 780 634 ecclesiae
801 566 978 648 Africanae,
1001 579 1077 634 tnnc
1124 579 1199 638 Pras
1215 578 1248 637 n.

114 690 266 775 temporis
290 680 541 752 eJacobitarum
564 692 650 747 secta
674 679 819 759 electum,
840 682 1000 759 miserunt
1022 683 1077 773 qui

115 803 287 887 episcopos
309 803 471 884 peterent,
495 803 526 858 et
549 791 662 857 exinde
684 791 802 858 Nubae
826 791 1000 858 doctrinam
1021 794 1077 858 Ja-

116 907 283 974 cobiticam
313 907 447 994 amplexi
476 916 549 970 sunt
569 903 614 987 *).
667 904 747 970 lnde
778 904 818 970 ab
846 926 931 970 anno
955 907 1020 970 653
1038 929 1074 991 p.

117 1021 179 1088 Ch.
194 1042 235 1099 n.,
258 1041 323 1105 quo
339 1019 533 1100 Moslemini,
553 1017 635 1082 duce
658 1016 724 1102 Aly
742 1017 831 1096 Sarh,
853 1020 986 1104 primum
1007 1016 1077 1084 bel-

114 1132 182 1196 lum
215 1143 325 1198 contra
345 1131 496 1232 ‘Nubiam
529 1140 711 1207 moverunt,
747 1149 851 1215 usque
885 1127 927 1195 ad
960 1153 1076 1196 annum

115 1246 220 1324 1296,
252 1266 317 1331 quo
339 1246 472 1310 Dhaher
493 1241 592 1308 Bibar
612 1243 753 1328 Aegypti
775 1241 925 1308 Sultanus
948 1243 1076 1309 Nuhiae

115 1356 323 1443 metropolin,
345 1355 541 1446 Dongalam‚
564 1357 746 1440 occupavit,
775 1358 862 1442 regio
887 1357 970 1421 circa
993 1368 1076 1423 cata-

115 1480 231 1534 ractam
254 1468 452 1555 Syenensem
481 1469 638 1533 continuis
665 1465 898 1532 irrcmsionihus
926 1467 1075 1534 infestata

116 1592 179 1659 est,
208 1579 383 1667 Ph'ilaeque
412 1583 512 1668 prima
534 1577 611 1645 urbs
639 1577 785 1644 hostibus
807 1582 963 1668 utrimque
986 1602 1076 1645 acce-

116 1691 263 1758 dentibus
288 1705 467 1781 patuerunt
518 1692 645 1758 Incolas
669 1691 866 1758 Christianos
895 1695 1007 1779 partim
1029 1695 1075 1756 ln-

115 1806 186 1872 sula
208 1805 371 1894 expulsos,
400 1808 511 1893 partim
541 1803 702 1876 adsedem
723 1805 977 1870 Mosleminicam
1000 1827 1076 1870 con-

116 1937 227 1985 versos
251 1901 334 1995 esse,¹
354 1941 392 1982 ex
415 1940 455 1983 eo
480 1916 707 1996 concludimus
730 1916 822 2004 quod¹
834 1917 890 1983 illa
906 1921 1074 1984 conversio

118 2033 255 2096 omnium
283 2028 443 2094 bellorum
472 2030 513 2096 ab
534 2028 694 2096 Arabibus
724 2042 883 2116 gestorum
909 2050 1020 2097 caussa
1043 2040 1075 2096 et

117 2139 189 2206 finis
221 2143 288 2207 fuit.
348 2144 496 2207 Attamen
529 2145 630 2207 mirati
663 2164 783 2219 sumus,
816 2146 900 2208 inter
932 2141 1074 2208 Arabum

116 2257 238 2344 tuguria
259 2277 414 2342 nusquam
438 2254 550 2320 aedem
571 2253 836 2334 Mosleminicam‚
865 2257 916 2320 cui
937 2255 1074 2320 Meschi-

116 2378 168 2432 tae
194 2389 327 2449 nomen,
355 2371 388 2434 in
416 2367 519 2434 insula
546 2369 695 2445 inveniri,
723 2390 764 2433 ne
794 2367 916 2433 dirutae
939 2365 1073 2454 quidem

113 2482 254 2566 vestigia.

182 2590 261 2656 Inde
290 2592 460 2659 asaeculo
482 2595 582 2671 Xlll.,
613 2613 678 2679 quo
702 2589 811 2658 Nubia
839 2597 940 2658 omnis
964 2591 1073 2658 debel-

115 2705 180 2770 lata
203 2714 265 2781 est,
293 2703 416 2770 Sultani
436 2708 625 2792 Aegyptiaci
646 2707 794 2792 regiones
817 2716 997 2772 cataractae
1015 2705 1073 2770 cir'-
1189 2709 1200 2730 ⁸

115 2819 325 2902 cumjacentes
353 2819 515 2904 peculiare
542 2817 706 2905 praedium
728 2817 788 2882 sibi
809 2817 1007 2884 vindicarunt
1027 2817 1072 2899 ἢ,

115 2933 166 2995 cui
193 2926 353 3015 praesidio
381 2943 654 2997 monumentorum
683 2929 875 2996 Philensium
905 2938 1073 2995 conserva--

114 3046 160 3108 tio
190 3039 358 3134 tribuenda
387 3051 443 3106 est.
495 3043 613 3108 Postea
640 3067 700 3131 per
728 3042 825 3109 multa
853 3042 981 3108 saecula
1001 3042 1072 3107 nul-

116 3155 181 3217 lum
202 3151 326 3217 illarum
348 3155 513 3239 regionum
534 3159 678 3221 nuntium
698 3136 859 3234 habemus,
882 3155 1071 3222 donecvia-

117 3273 220 3327 torum
248 3267 460 3332 recentiorum
490 3253 590 3355 opera
618 3272 750 3337 notitiae
778 3269 903 3357 aliquae
937 3267 979 3336 ad
992 3303 995 3309 ·
1009 3289 1071 3335 nos

115 3386 336 3459 pervenerunt.

149 3689 177 3760 *)
195 3687 341 3750 lllacrizii
359 3693 426 3754 Hist.
446 3694 529 3775 Copt.
547 3698 587 3756 ed.
607 3697 710 3755 Wcter.
728 3720 755 3777 p.
772 3701 815 3756 99.

151 3791 196 3861 ”l
225 3793 317 3872 Usque
345 3798 379 3855 ad
408 3811 526 3857 nostram
552 3811 665 3860 cautem
690 3802 756 3860 haec
782 3803 911 3859 institutio
925 3805 1070 3871 ,remansit3

187 3895 330 3957 omnesque
347 3889 422 3962 pagi,
441 3886 501 3943 inde
520 3909 535 3944 a
552 3888 649 3958 Bitho,
667 3910 682 3945 e
701 3891 808 3966 regione
824 3888 968 3960 Plrilarum‚
987 3911 1070 3967 nsque
1121 3946 1128 3960 ,

187 3962 220 4019 ad
237 3962 345 4040 Syenen
363 3972 392 4060 in
410 3971 465 4029 Nili
488 3977 546 4052 ripa
568 3975 703 4046 collocati,
729 3976 819 4034 literas
838 3976 939 4036 Sultani
957 3980 1071 4055 peranti-
