3026 4920
494 455 545 530 20

329 652 403 710 ΡΜ
421 649 440 708 ι,
497 631 593 698 Philis
617 640 649 695 et
669 625 772 693 mtdtis
796 626 863 696 aliie
885 625 973 692 locis.
1026 625 1063 690 ln
1085 629 1210 712 porticu
1232 625 1373 691 Philensi
1388 627 1457 708 (1))

497 765 618 820 miuus,
646 741 773 806 fluvium
796 749 963 826 spectans,¹
981 748 1043 802 tam
1066 737 1240 824 aequaliter
1261 738 1380 804 oblitus
1403 751 1458 806 est

498 858 561 920 hoc
576 872 688 931 coeno,
710 862 753 931 ut,
776 855 829 938 qui
842 853 942 914 mirus
959 849 1125 935 diligenter
1137 872 1258 913 murum
1272 851 1458 936 perlustret,

498 963 805 1050 hieroglyphicamm
826 975 971 1028 notarum
992 963 1122 1047 vestigia
1142 965 1193 1026 vix
1216 962 1456 1028 animadvertat
1501 1009 1502 1074 l

498 1077 603 1163 Scopa
627 1073 764 1140 adhibita
785 1075 839 1139 vel
861 1074 972 1151 cultro,
994 1073 1109 1138 formas
1131 1073 1270 1139 occultas
1291 1077 1324 1138 in
1346 1074 1457 1140 lucem

497 1209 604 1255 nrrsus
626 1187 779 1272 proferes.
818 1185 983 1272 Ejusmodi
1004 1184 1260 1250 circumlitionem
1281 1184 1322 1249 ad
1343 1188 1457 1268 inscri-

498 1303 623 1386 ptiones
656 1309 780 1364 nostras
814 1301 846 1362 in
879 1295 1009 1382 pylonis
1044 1295 1094 1361 ala
1132 1295 1323 1382 ponendas.
1336 1297 1456 1363 factam

498 1411 607 1504 fuisse,
630 1433 689 1497 pro
714 1421 800 1474 certo
823 1411 1033 1484 statuerim&
1062 1447 1101 1460 -
1130 1428 1235 1494 neque
1258 1408 1335 1474 alius
1357 1408 1454 1476 locus

496 1525 603 1608 aptior
622 1532 695 1598 erat,
716 1524 752 1586 in
765 1541 830 1606 quo
847 1525 1111 1606 consignarentur.
1151 1519 1233 1585 Cum
1247 1520 1452 1586 Ptolemaeus

498 1631 677 1698 Alexander
705 1632 757 1697 vel
784 1635 852 1719 ipse
874 1632 978 1697 Philas
1002 1631 1115 1710 adiret,
1142 1631 1195 1695 vcl
1217 1633 1365 1710 mitteret,
1394 1637 1453 1719 qui

494 1765 557 1812 auo
587 1746 714 1808 nomine
735 1744 811 1808 isidi
837 1755 913 1808 vota
934 1744 1100 1822 offerrent,
1129 1755 1223 1830 atque
1250 1744 1313 1808 hoc
1340 1743 1451 1810 lauda-

494 1853 562 1922 bile
591 1855 706 1920 factum
734 1877 793 1940 per
820 1859 1054 1942 inscriptionem
1088 1858 1269 1941 posteritati·
1297 1854 1449 1920 mandare

499 1965 612 2043 vellet,
634 1969 853 2052 opportunior
879 1967 936 2032 illo
964 1971 1097 2034 inveniri
1123 1988 1190 2031 non
1211 1977 1337 2053 poterat
1359 1965 1449 2031 tabu-

497 2078 549 2143 lae
570 2076 676 2154 locus‚
705 2081 758 2163 qui
778 2081 863 2164 juxta
885 2089 1009 2164 portam
1029 2077 1215 2163 ingredienti
1237 2081 1350 2163 cuique
1374 2090 1448 2142 ante

496 2188 610 2254 oculos
625 2194 717 2253 esset.
757 2187 896 2254 Alteram
911 2201 1031 2277 partem
1046 2190 1205 2256 literarum
1218 2192 1251 2254 in
1266 2189 1379 2276 lapide,
1403 2190 1450 2254 al-

503 2312 600 2366 teram
621 2303 654 2364 in
678 2299 842 2365 lithocolla
863 2305 996 2387 positam
1018 2302 1113 2366 finisse
1137 2310 1280 2387 apparet,
1307 2323 1368 2364 nec
1390 2299 1451 2368 du-

495 2411 645 2489 bitamus,
674 2415 749 2496 quin
770 2411 950 2479 sacerdotes
972 2415 1046 2500 ipsi,
1070 2412 1194 2478 delubri
1216 2412 1369 2498 dignitatis
1391 2416 1449 2477 im-

497 2545 665 2601 memores,
682 2523 760 2586 huic
779 2525 827 2588 rei
849 2545 978 2610 operam
1000 2523 1151 2590 dederint.
1189 2524 1322 2610 Pylouis
1344 2528 1450 2610 parie-

497 2645 658 2704 testante
687 2632 854 2720 figurarum
882 2657 1038 2700 sacrarum
1065 2637 1218 2723 farragine
1247 2635 1342 2700 obsiti
1362 2649 1449 2716 sunt,

493 2757 532 2811 ut
553 2745 644 2810 nullo
667 2745 730 2810 alio
752 2746 858 2824 modo,
880 2750 940 2812 nisi
963 2751 1115 2834 exposito,
1136 2746 1245 2834 paullo
1267 2747 1449 2833 longiorem

493 2860 577 2941 ¹regis
609 2859 844 2942 inscriptionem
875 2857 1041 2924 moenibus
1075 2860 1237 2946 adponere
1273 2864 1446 2945 potuerint.

492 2967 683 3047 Lithocolla,
708 2991 779 3032 cum
802 2992 840 3034 ex
863 2974 977 3036 cavatis
997 2971 1118 3058 ligium
1140 2972 1332 3037 lineamentis
1354 2973 1471 3059 paul-¹
1501 2995 1502 3032 .

496 3079 581 3142 latim
606 3079 777 3158 excidisset,
799 3080 905 3149 literas
927 3105 1053 3170 graecas
1075 3083 1153 3150 tales
1175 3083 1310 3169 reliquit,
1332 3083 1448 3170 quales
1501 3063 1502 3072 ἵ

494 3211 581 3256 nuuc
601 3193 809 3256 inveniuntur.

441 3291 443 3298 Α
561 3301 626 3387 Qui
649 3305 831 3387 opinionem
851 3313 990 3370 nostram
1010 3325 1077 3370 non
1091 3304 1255 3391 probaturi
1274 3319 1354 3385 sunt,
1379 3311 1448 3393 jam

491 3412 572 3498 ,quid
593 3417 729 3478 sentiant
751 3414 791 3478 de
812 3417 1013 3499 inscriptione
1038 3419 1071 3480 in
1094 3417 1192 3482 altera
1212 3418 1367 3506 pylonunt
1390 3420 1448 3486 ala

494 3523 568 3605 (C),
596 3524 704 3590 tabula
724 3537 831 3590 nostra
854 3527 892 3589 ll.
915 3526 1015 3590 lomna
1037 3528 1082 3592 6?
1124 3529 1327 3612 Lysimachus
1353 3519 1446 3610 πάρ,-
1499 3465 1502 3616 l

494 3635 594 3722 εδρος,
616 3637 789 3700 Ptolemaei
803 3635 1020 3721 Philopatoris,
1042 3637 1239 3722 Philadelphi
1261 3647 1292 3700 et
1312 3636 1443 3719 reginae

495 3755 603 3810 votum
631 3749 823 3832 consignavit
849 3767 933 3810 auno
958 3743 1006 3810 ’70
1028 3769 1055 3812 a.
1079 3747 1138 3814 Ch.
1156 3738 1192 3812 'n
1216 3744 1260 3827 *i
1311 3747 1440 3812 Priores
1501 3779 1502 3834 i

526 3986 551 4054 ⁰)
568 3969 691 4042 Lelronn.
709 3945 727 4041 l
745 3985 806 4078 lp.
826 3965 888 4043 136.γ
