3000 4908
978 425 1026 506 79

67 617 129 703 μὲν
153 615 278 700 ἱέρακα,
301 605 398 676 οὐδὲν
420 606 454 671 δὲ
479 601 597 690 ὅμοιον
618 606 695 694 ἐμοί
715 629 751 691 γε
774 607 929 697 ἐφαίνετο
945 611 1028 692 ἔχειν
1079 617 1153 676 Pers
1171 615 1203 678 11.

67 738 141 804 τοῖς
163 722 236 812 παρ’
261 719 358 807 ημῖν,
380 722 436 786 καὶ
460 725 495 785 ἐν
517 713 675 804 Αἰγύπτῳ
697 717 836 808 ἱέραξιν·
866 711 1028 784 ἀλλὰκαὶ

68 841 117 924 τῷ
146 838 282 924 μεγέθει
308 833 421 920 μεῖζον
450 821 492 914 ἦν
521 835 577 896 καὶ
599 832 640 920 τῇ
660 833 807 917 ποικιλίᾳ
828 824 913 898 πολι)
935 829 1028 912 ἐξηλ-

70 953 253 1036 λαγμένον·
275 939 485 1012 Αἰθιοπικὸν
506 941 673 1033 δ’ίφασαν
688 938 779 1022 εἶναι,
799 940 958 1010 κάκεῖθεν
971 965 1029 1009 κο-

71 1062 234 1150 μίζεσθαι
263 1055 345 1126 ὅταν
373 1059 499 1150 ἐκλίπη,
514 1058 583 1140 καὶ
612 1049 788 1143 πρότερον·
818 1057 875 1122 καὶ
903 1049 944 1137 δη
971 1057 1029 1122 καὶ

71 1169 147 1240 τότε
177 1173 312 1258 ἐδείχθη
341 1167 422 1255 ἡμῖν
449 1160 533 1256 πρὸς
555 1169 697 1254 ἐκλείψει
720 1160 758 1232 δν
781 1161 837 1230 διὰ
859 1163 962 1234 νόσον
982 1167 1026 1252 *).
1143 1213 1146 1218 ,

72 1323 117 1338 -
134 1278 316 1368 ’Ήλθομεν
338 1279 418 1358 δἐίς
444 1282 552 1356 Φίλας
574 1284 609 1344 ἐκ
623 1272 763 1360 Συήνης
784 1275 893 1372 ἀπήνη
909 1280 965 1364 *ἢ
988 1279 1025 1346 δι’

80 1397 203 1486 ὁμαλοῦ
225 1392 359 1487 σφόδρα
383 1394 499 1460 πεδίου
518 1392 598 1476 m)
628 1393 783 1471 σταδίους
810 1389 928 1477 ὁμοῦτι
953 1389 1030 1459 ἕκα-

77 1506 133 1576 τίν
155 1511 208 1592 †)·
230 1505 304 1594 παρ’
332 1504 414 1589 ὅλην
436 1508 470 1572 δὲ
492 1499 554 1586 τὴν
570 1499 650 1571 ὁδὸν
665 1493 708 1586 ἦν
726 1505 808 1572 ίδεῒν
823 1507 1031 1594 ἑκατέρωθεν

72 1624 252 1709 πολλαχοῦ,
275 1617 378 1710 ὥςπερ
400 1624 523 1705 ἑρμαῖα
544 1621 665 1705 πέτρον
678 1613 850 1702 ἠλίβατον,
872 1614 1030 1706 στρομγιί·

72 1736 149 1813 λον,
179 1736 268 1800 λεῖον
289 1735 423 1811 ἱκανῶς,
452 1725 545 1817 ὲμγδς
568 1730 780 1821 σφαιροειδῆ,
807 1730 868 1794 τοῦ
888 1731 1031 1816 μέλανος

70 1846 132 1910 καὶ
155 1848 297 1932 σκληροῦ
326 1847 443 1924 λίθον,
473 1842 507 1924 ἐξ
529 1835 569 1910 οὗ
591 1847 627 1908 αἱ
649 1843 765 1908 θνεῖαι
785 1843 949 1926 γίνονται,
978 1843 1032 1906 ἐπὶ

71 1961 185 2039 πέτρῳ
206 1957 356 2040 κείμενον
376 1956 510 2042 μείζονι,
531 1957 589 2022 καὶ
611 1951 656 2020 ἐπ’
682 1955 792 2039 ἐκείνῳ
813 1948 915 2020 πάλιν
932 1945 1031 2018 ίίλλο·

73 2069 146 2132 ἔστι
174 2061 204 2131 δ’
232 2061 283 2132 ὅτι
311 2064 405 2134 αὐτοὶ
432 2065 511 2134 καθ’
543 2060 663 2144 αὑτοὺς
691 2069 812 2133 ἔκειντο
843 2069 874 2132 oi
902 2070 1031 2155 πέτραι·

72 2245 277 2260 m

150 2349 255 2419 Strabo,
273 2370 333 2408 cnm
349 2351 401 2425 jam
418 2347 584 2428 Aethiopiam
601 2368 661 2406 sese
679 2349 826 2424 ingressum
844 2367 903 2404 esse
920 2346 1031 2414 videret,

149 2437 181 2494 ci.
199 2437 291 2516 templi
308 2437 495 2516 Heliopolitani
512 2436 724 2512 descriptionem.
761 2433 857 2492 Strabo
869 2431 954 2502 XVII,
971 2451 1032 2511 pag.

149 2527 214 2582 805:
232 2532 288 2581 νυνὶ
304 2534 349 2600 μὲν
369 2522 414 2580 οὖν
432 2531 485 2581 ἔστι
503 2532 650 2598 πανίρημος
668 2525 684 2595 ἢ
702 2522 785 2590 πόλις,
803 2526 835 2580 τὸ
855 2525 923 2598 ἱερὸν
936 2530 1031 2593 {lovea

22 2624 29 2636 “
150 2614 187 2683 τῷ
209 2618 348 2685 Αἰγυπτίῳ
370 2611 459 2686 τρόπῳ
483 2618 717 2686 κατεσκευασμένον
735 2609 852 2684 ἀρχαῖον.
878 2641 910 2654 ·-
946 2607 1032 2666 Aliter

151 2697 310 2755 Letronnins
328 2697 361 2754 od
377 2696 445 2755 h.l.:
462 2695 564 2765 „Cotto
582 2717 718 2772 remerqne
737 2695 770 2752 de
783 2695 907 2766 Strobon,
925 2715 976 2773 qne
991 2693 1032 2752 les

151 2786 264 2864 temples
287 2785 483 2862 d'Elephantinr'e
506 2793 534 2839 et
556 2783 589 2840 de
607 2782 695 2859 Syene
718 2784 857 2855 (Philaet)
881 2785 981 2840 etoient
998 2781 1031 2838 de

152 2874 330 2930 construction
342 2872 533 2949 Aegyptienne,
552 2870 690 2927 dormeroit
702 2873 716 2926 δ
728 2891 825 2948 pensor
842 2891 892 2948 que
909 2869 950 2926 les
966 2879 1032 2926 tem-

152 2958 210 3037 ples
228 2958 262 3016 de
280 2961 458 3016 construction
476 2957 597 3034 Grecqne
620 2956 707 3014 iurent
728 2957 788 3036 plus
810 2977 959 3024 commune,
980 2977 1031 3034 quc

153 3045 193 3104 les
215 3048 303 3104 rnines
326 3045 449 3103 ectuelles
477 3065 510 3102 nc
537 3043 563 3102 le
590 3043 703 3106 seroient
730 3047 893 3125 supposer,“
921 3079 953 3089 -
979 3043 1032 3100 tale

154 3143 240 3190 antem
267 3133 407 3190 discrimen
434 3134 503 3189 inter
527 3131 625 3211 temple
650 3133 811 3211 Aegyptiace
837 3142 864 3188 et
890 3130 990 3188 Graeca
1017 3153 1033 3188 n

156 3217 284 3278 Strabone
301 3241 430 3296 nunquam
450 3219 545 3277 fectum
563 3229 618 3287 est3
635 3223 721 3276 omnia
737 3219 834 3298 temple
852 3221 884 3276 ab
896 3220 1034 3299 Aegyptiis

157 3306 182 3360 in
199 3306 320 3384 Aegypto
338 3305 456 3364 coniecta
473 3316 545 3363 recte
564 3306 771 3384 Aegyptiace
788 3307 840 3366 dici
857 3317 977 3387 possunt

120 3390 143 3462 ’λ
168 3391 324 3470 Aethiopica
350 3395 419 3450 sacri
444 3396 575 3471 accipitris
601 3396 674 3470 origo
702 3396 808 3472 ejusque
835 3416 868 3452 ex
894 3395 1034 3473 Aethiopia

154 3482 299 3554 asportatio
324 3481 474 3538 testimonia
500 3489 561 3537 sunt
583 3480 616 3537 de
636 3499 770 3537 sacrorum
792 3479 953 3540 Philensinm
974 3491 1035 3540 ortu

154 3564 319 3643 Aethiopico.
356 3565 458 3624 Sacella
475 3565 632 3655 monoiitha,
649 3569 678 3626 in
695 3567 795 3648 templo
814 3579 957 3640 ιεεεενοῐο,
980 3571 1035 3627 eris

154 3669 244 3710 sacrae
262 3671 353 3711 caveas
370 3653 465 3724 inisse,
483 3675 561 3734 snpra
579 3658 733 3716 monuimus.

118 3740 152 3804 ’Ἴ
172 3741 199 3797 in
216 3740 317 3818 reliquo
334 3763 430 3822 nempe
448 3763 498 3822 per
515 3743 663 3823 Aegyptum
679 3744 773 3800 itinere
790 3745 892 3818 nerigio
909 3745 958 3802 usi.

118 3825 164 3896 ”⁸)
182 3824 302 3886 Pococie
319 3827 414 3888 Descr.
433 3829 465 3889 oi
477 3829 522 3890 the
539 3831 612 3890 Eost.
625 3829 685 3892 Vol.
702 3831 724 3902 1,
742 3852 769 3912 p.
788 3833 847 3889 119.
860 3829 930 3892 Nota
949 3836 973 3890 l.
991 3839 1034 3890 πί-

154 3918 204 3971 too
221 3913 273 3992 legi
288 3917 372 3991 jussio

118 3999 151 4073 †)
170 4000 203 4056 de
221 4021 273 4079 qno
290 4002 350 4061 vide
367 4003 440 4064 infre.
