3000 4908
473 480 523 554 58

301 669 378 732 Pms
397 668 417 728 1.
474 657 581 722 locum
603 662 704 731 tenet,
734 671 771 716 ex
794 669 860 736 quo
882 660 1086 716 monumenta
1108 647 1277 738 pleraque,
1306 666 1433 720 montes

476 769 730 853 circumjacentes
754 773 786 828 et
809 772 983 828 cataractae
1005 766 1095 850 primi
1116 764 1242 850 scopuli
1256 764 1366 830 oculis
1381 792 1430 854 pa·

475 891 552 948 tent.
604 876 717 943 Plures
739 877 772 942 in
794 874 889 940 litore
912 874 1085 961 pabnarum
1107 880 1233 964 proceri
1254 879 1381 964 stipites
1401 893 1426 944 et
1482 875 1483 930 l

475 991 576 1060 densa
597 991 765 1056 cassiamun
785 986 919 1074 virgulta
939 991 1152 1067 inveniuntur,
1173 986 1305 1056 umbrae
1325 1013 1417 1058 caussa

475 1105 697 1191 acceptissime
757 1101 1043 1189 Quotienscunque
1066 1126 1084 1167 a
1106 1101 1215 1188 Syene
1236 1102 1423 1180 advenimus,

475 1217 606 1282 maxima
627 1234 688 1280 nos
710 1213 829 1280 laetitia
851 1211 959 1278 viridis
983 1237 1093 1281 eorum
1111 1215 1280 1302 adspectus
1296 1227 1333 1282 et
1349 1228 1427 1304 grata

477 1326 656 1396 distributio
678 1325 829 1414 implevit.

274 1466 460 1522 Marramauo
544 1441 626 1510 Cum
647 1444 691 1506 ita
711 1451 810 1508 totam
830 1438 964 1504 insulam
978 1441 1140 1526 pervagati
1153 1437 1256 1519 simus,
1278 1452 1429 1526 superest,

263 1537 512 1662 ’3333333333υι
534 1553 673 1622 samaa
694 1551 802 1618 rnna
824 1551 848 1616 r.
874 1551 917 1616 aa
940 1549 1156 1618 areanorum
1178 1552 1430 1620 astructionem

159 1674 163 1686 '
476 1671 567 1757 quasi
588 1676 827 1756 praetereuntes
851 1667 986 1730 animum
1007 1675 1173 1732 vertamus.
1218 1666 1392 1732 Maxima'
1382 1670 1431 1754 rgi-

475 1791 528 1848 tur
553 1789 830 1847 monumentorum
856 1799 930 1871 pars
959 1780 993 1842 in
1021 1779 1091 1864 ripa
1115 1777 1306 1844 occidentali
1328 1782 1431 1864 posita

477 1903 539 1972 est,
570 1902 602 1958 et
629 1894 698 1978 ipsa
727 1889 872 1957 aedilicia
893 1889 968 1955 inde
991 1911 1010 1954 a
1032 1889 1117 1956 scala
1138 1890 1338 1956 meridronali
1364 1893 1430 1973 (Η)
1482 1927 1483 1974 3

403 2025 405 2032 ·
439 2035 447 2054 ·
476 2001 649 2092 usquead
679 2013 849 2068 extremum
871 2001 1022 2088 templum
1048 2005 1091 2068 ita
1114 2003 1258 2069 ordinate
1280 2014 1372 2081 sunt,
1400 2014 1432 2067 ut

478 2127 607 2182 curuata
640 2113 725 2178 linea
757 2113 880 2182 insulae
914 2137 1001 2181 oram
1035 2118 1126 2201 sequi
1157 2116 1334 2185 videantur.
1398 2117 1433 2180 ln
1482 2147 1483 2152 ¹

476 2237 567 2315 parte
595 2226 720 2292 boreali
749 2231 919 2315 antiquitus
946 2227 1058 2292 urbem
1086 2231 1174 2294 sitam
1196 2228 1308 2306 lmese,
1335 2249 1434 2315 supra

476 2343 662 2408 monuimus.
721 2338 871 2428 Magnum
905 2340 1057 2427 templum
1084 2344 1117 2406 in
1145 2343 1213 2428 ripa
1242 2338 1433 2406 occidentali

479 2463 628 2541 quattuor
654 2451 830 2538 pylonlbus
852 2451 903 2535 (C
928 2463 960 2518 et
982 2453 1034 2536 N)
1058 2464 1202 2518 omatum
1226 2453 1315 2546 quasi
1337 2464 1435 2538 caput

479 2565 604 2631 aedium
626 2564 698 2644 fuit,
722 2567 809 2651 cujus
833 2568 974 2652 posticae
996 2576 1102 2652 partes
1125 2565 1306 2650 Aegyptum
1330 2575 1365 2629 et
1386 2589 1435 2629 se-

479 2680 705 2792 ptem-ionem,
730 2679 850 2743 anticae
873 2688 976 2742 autem
997 2678 1196 2764 Aethiopiam
1219 2687 1251 2740 et
1270 2676 1436 2742 meridiem
1482 2685 1483 2784 3

479 2801 638 2877 spectant;
643 2765 785 2854 aditum
805 2787 961 2875 praebent
984 2787 1094 2854 ambae
1116 2792 1256 2875 porticus
1279 2789 1324 2869 (Ι)
1343 2801 1376 2854 et
1391 2791 1436 2872 Ε)

480 2926 551 2969 cum
573 2902 740 2990 peristylio
764 2902 948 2968 australil
913 2905 948 2986 (l
955 2905 977 2983 )‚
1001 2903 1051 2967 cui
1073 2901 1158 2968 scala
1179 2923 1290 2988 magna
1313 2899 1355 2966 ad
1377 2904 1439 2966 llu-

476 3019 565 3082 -vium
587 3013 748 3080 deducens
771 3014 895 3102 adjacet
916 3017 996 3097 (H).
1046 3017 1137 3082 Haec
1161 3018 1238 3100 quin
1259 3018 1439 3081 vetustiora
1482 3087 1483 3090 ¹

478 3127 601 3195 insulae
628 3138 832 3194 monmnenta
854 3131 932 3207 sint,
961 3127 1005 3194 ob
1028 3131 1166 3194 rationes
1189 3131 1222 3192 in
1244 3127 1441 3215 disquisitio

478 3245 528 3309 nis
562 3244 651 3309 initio
687 3241 796 3308 allatas
824 3240 909 3308 haud
938 3239 1123 3307 dubitamus.
1181 3242 1288 3328 Atque
1315 3239 1440 3306 ibidem

480 3352 662 3442 quaerenda
685 3367 757 3420 sunt
779 3353 914 3420 delubra
934 3354 989 3420 illa
1012 3359 1153 3440 antiqua,
1180 3357 1208 3418 si
1229 3355 1361 3420 omnino
1386 3377 1434 3420 ex·

478 3478 563 3534 stant
584 3469 618 3532 in
638 3465 755 3544 insula,
786 3489 868 3553 quae
889 3470 1022 3553 priscam
1043 3467 1218 3532 incolarum
1240 3463 1438 3550 opulentiam

425 3604 429 3614 ·
479 3566 679 3646 Pbaraonum
708 3589 810 3643 aetate
838 3556 1001 3644 testantur.
1059 3579 1271 3661 Reperiantur
1298 3573 1375 3634 licet
1392 3582 1448 3642 q'n

477 3691 541 3758 illis
563 3709 677 3777 regum
707 3689 962 3754 Ptolemaeorum
992 3696 1023 3748 et
1052 3685 1224 3750 Caesarum
1259 3681 1447 3766 nomina,

479 3800 592 3866 literis
590 3800 845 3885 hieroglyphieis
866 3797 945 3862 vel'
943 3799 1060 3881 graecis
1085 3813 1246 3882 expressa3
1275 3813 1337 3856 nos
1369 3803 1448 3881 qui.
1482 3813 1483 3862 t

481 3893 608 3976 demin
631 3913 765 3975 animum
787 3931 854 3975 non
875 3887 1131 3987 ίυάυοὶιηυεμ-
1086 3907 1213 3972 -nisi
1236 3907 1341 3972 omnia
1365 3907 1446 3989 alia,

482 4047 562 4111 quae
584 4025 720 4110 parietes
743 4033 872 4100 ornant,
898 4024 986 4107 signa
1009 4021 1160 4108 explicata
1182 4021 1330 4098 sint,-
1361 4030 1483 4086 tem
