3026 4920
1058 472 1083 546 5

128 671 183 714 rus
210 648 368 713 latericius
394 647 465 712 viae
493 641 639 709 indicium
669 653 731 722 est;
758 646 910 732 propiora
931 641 1089 722 montium
1137 661 1213 724 Pasa
1227 661 1248 722 ι,

130 763 303 837 cacumina,
326 761 359 822 in
381 754 496 842 quibus
518 755 605 821 nulla
628 760 765 823 canitur
784 761 932 840 varietas,
954 762 1083 827 viatoris

130 873 250 940 oculos
267 869 430 936 sterilitate
452 889 509 932 sua
530 867 673 953 fatigans
703 871 934 954 exinproviso
956 870 1082 938 tandem

129 985 186 1050 ubi
213 987 265 1048 via
288 981 330 1046 ad
351 979 491 1044 dextram
512 981 594 1046 flexa
617 990 677 1057 est,
706 1000 728 1045 o
750 981 921 1066 spectaculi
942 983 1083 1070 n'ragnifi-

130 1100 273 1174 centiam,
294 1092 452 1158 Pbilarum
473 1091 613 1181 pylones
634 1093 776 1176 ingentes
798 1073 831 1158 et
844 1093 1015 1180 peristylia,
1035 1098 1084 1162 iu-

130 1209 280 1275 termixtis
307 1201 419 1289 palmis
447 1212 479 1268 et
501 1206 606 1268 cassiis
626 1201 793 1283 viridibus,
823 1226 842 1268 a
869 1204 996 1290 placido
1026 1209 1097 1272 eie·¹

132 1314 372 1394 cumfusaNilo‚
395 1325 467 1380 ante
489 1314 603 1380 oculos
625 1319 728 1400 posita
750 1325 830 1393 sunt,
851 1337 989 1402 gemmae
1011 1341 1083 1405 pre·

132 1434 234 1494 tiosae
261 1426 384 1505 similia,
412 1449 506 1512 quam
534 1427 644 1494 artifex
673 1426 800 1512 elegans
821 1424 1081 1516 lucido-argento

120 1539 344 1612 circumdedit.
383 1537 650 1624 ,Quotiescunque
671 1542 752 1603 viam
773 1537 848 1604 inde
870 1562 890 1604 a
911 1539 1017 1626 Syene
1040 1539 1083 1608 ad

134 1652 239 1719 Philas
256 1648 505 1738 perficiebamuS,
525 1649 648 1714 insulae
663 1650 829 1737 adspectus
845 1649 993 1736 singulari
1007 1673 1083 1738 qua-

133 1766 206 1831 dam
230 1764 348 1828 laetitia
377 1773 409 1827 et
441 1761 644 1828 admiratione
667 1783 737 1828 nos
771 1761 942 1842 afficiebat,
977 1784 1083 1848 quam-

133 1900 227 1965 quam
240 1875 396 1942 affirmare
410 1873 556 1953 nolimus,
576 1885 679 1939 utrum
693 1877 791 1961 ipsius
806 1873 928 1940 insulae
944 1877 1084 1938 amoeni*

132 1995 189 2056 tati
216 2011 256 2055 an
280 1984 439 2052 montibus
461 1985 749 2073 circumjacentibus
770 1990 810 2052 sit
830 1984 1080 2052 adscribendum.

131 2101 278 2178 Accedit,
300 2099 389 2186 quod
409 2109 531 2166 montes
553 2100 661 2176 vicini,
684 2096 789 2183 lapide
812 2100 971 2184 granitico,
994 2095 1083 2164 coto-

131 2217 174 2278 ris
203 2214 261 2278 atri
283 2223 315 2277 et
340 2213 518 2298 nigricantis
547 2220 636 2288 sunt,
671 2207 750 2274 fulvi
778 2219 881 2275 autem
909 2207 1082 2274 nitidissimi

132 2325 254 2392 insulae
270 2333 480 2400 monumenta,
499 2331 610 2408 utpote
632 2320 737 2405 lapide
759 2319 893 2386 calcario
912 2330 1082 2396 exstructa3

134 2437 319 2526 quibuscum
346 2438 373 2500 si
394 2434 460 2500 Nili
489 2432 666 2498 caeruleum
689 2454 824 2518 aequor,
853 2431 999 2520 coelique
1026 2434 1082 2497 im-

133 2549 313 2615 mutabilem
335 2547 505 2629 claritatem
528 2547 740 2630 conjunxeris,
770 2542 927 2617 Pbilarrmr
949 2565 1082 2630 conspe-

135 2675 217 2728 ctum
240 2661 369 2748 reliquis
390 2657 592 2747 Aegyptiacis
614 2654 759 2722 omnibus
782 2663 974 2744 anteponere
996 2655 1082 2722 baud

134 2773 300 2840 dubitabis.

200 2887 393 2972 Scriptorum
414 2881 614 2958 testimoniis,
641 2876 754 2966 quibus
780 2889 916 2961 constat,
943 2883 1081 2968 Aegypti
1092 2892 1201 2958 Philae,
1226 2893 1291 2946 otim

1096 2963 1283 3033 Actbiaeicuru

135 2997 261 3084 quidem
288 2995 369 3060 sures
397 2993 585 3058 meridianos
612 2995 646 3056 in
673 2990 884 3076 Elephantine
913 3003 945 3057 ct
972 2994 1080 3078 Syene
1109 3036 1269 3088 mmmm·

135 3113 256 3195 positos
285 3129 370 3184 esse,
396 3104 495 3170 nihilo
524 3113 628 3167 autem
654 3105 755 3166 minus
781 3103 914 3168 insulam
935 3115 1082 3184 nostram,

135 3223 315 3306 propinquo
330 3216 464 3283 Osiridis
477 3215 624 3302 sepulcro
635 3213 879 3296 memorabilem,
890 3219 972 3282 iuter
983 3219 1081 3304 ipsius

137 3332 277 3416 Aegypti
309 3333 443 3394 sacraria
475 3349 612 3392 summae
645 3325 747 3392 laudis
779 3327 889 3406 trisse,
922 3350 992 3394 cum
1022 3327 1081 3394 illo

133 3441 292 3506 Philarum
327 3444 388 3505 situ
416 3465 434 3507 a
460 3443 559 3528 prima
592 3448 745 3503 cataracta
771 3437 932 3506 meridiem
958 3463 1082 3522 versus,

132 3562 278 3618 accurate
300 3552 436 3630 collatis,
463 3549 686 3640 jam‘exoritur
708 3554 866 3638 quaestio„
889 3575 944 3620 cur
965 3553 1082 3639 templa

45 3723 54 3752 ,
132 3668 165 3730 in
192 3662 267 3728 loco
290 3673 352 3728 tam
379 3663 580 3729 incommodo
603 3667 767 3749 posuerint
787 3664 982 3744 secerdotes,
1011 3687 1081 3730 cum

132 3776 235 3841 insula
260 3776 335 3840 inde
365 3773 405 3840 ab
427 3778 576 3862 Aegypto
605 3797 672 3841 non
699 3777 837 3863 scaphis,
864 3775 922 3844 sed
943 3781 994 3843 via
1015 3788 1081 3841 tan-

134 3895 197 3950 tum
218 3887 357 3973 pedestri
379 3909 481 3974 eaque
502 3888 719 3956 molestissima
740 3889 818 3954 adiri
839 3893 953 3978 possit;
975 3909 1080 3973 neque

135 4019 209 4063 are
230 4000 365 4066 alienum
394 4011 442 4068 est
468 4023 598 4070 monere
628 4025 695 4070 eam
723 4001 820 4087 longo
849 3997 1016 4070 intervallo
1039 3995 1079 4063 ab
