<?xml version="1.0" encoding="UTF-8"?>
<!DOCTYPE html PUBLIC "-//W3C//DTD XHTML 1.0 Transitional//EN"
    "http://www.w3.org/TR/xhtml1/DTD/xhtml1-transitional.dtd">
<html xmlns="http://www.w3.org/1999/xhtml" xml:lang="en" lang="en">
 <head>
  <title>
</title>
<meta http-equiv="Content-Type" content="text/html;charset=utf-8" />
  <meta name='ocr-system' content='tesseract 3.04.00' />
  <meta name='ocr-capabilities' content='ocr_page ocr_carea ocr_par ocr_line ocrx_word'/>
</head>
<body>
  <div class='ocr_page' id='page_1' title='image "./dephilisinsulae00partgoog_0062.png"; bbox 0 0 3026 4920; ppageno 0'>
   <div class='ocr_carea' id='block_1_1' title="bbox 1009 450 1122 533">
    <p class='ocr_par' dir='ltr' id='par_1_1' title="bbox 1009 450 1122 533">
     <span class='ocr_line' id='line_1_1' title="bbox 1009 450 1122 533; baseline 0.08 -9"><span class='ocrx_word' id='word_1_1' title='bbox 1009 450 1122 533; x_wconf 19' lang='lat' dir='ltr'>tt*</span> 
     </span>
    </p>
   </div>
   <div class='ocr_carea' id='block_1_2' title="bbox 7 623 1226 4090">
    <p class='ocr_par' dir='ltr' id='par_1_2' title="bbox 7 623 1226 4090">
     <span class='ocr_line' id='line_1_2' title="bbox 97 623 1226 703; baseline -0.009 -2"><span class='ocrx_word' id='word_1_2' title='bbox 97 641 235 702; x_wconf 81' lang='lat' dir='ltr'>incertos</span> <span class='ocrx_word' id='word_1_3' title='bbox 264 631 345 702; x_wconf 83' lang='lat' dir='ltr'>altae</span> <span class='ocrx_word' id='word_1_4' title='bbox 375 625 504 698; x_wconf 84' lang='lat' dir='ltr'>obstant</span> <span class='ocrx_word' id='word_1_5' title='bbox 530 626 635 703; x_wconf 79' lang='lat' dir='ltr'>scalae</span> <span class='ocrx_word' id='word_1_6' title='bbox 664 625 776 696; x_wconf 82' lang='lat' dir='ltr'>eadem</span> <span class='ocrx_word' id='word_1_7' title='bbox 804 623 979 693; x_wconf 83' lang='lat' dir='ltr'><strong>directione</strong></span> <span class='ocrx_word' id='word_1_8' title='bbox 1008 649 1058 696; x_wconf 80' lang='lat' dir='ltr'>ac·</span> <span class='ocrx_word' id='word_1_9' title='bbox 1113 637 1226 700; x_wconf 64' lang='lat' dir='ltr'>Paret</span> 
     </span>
     <span class='ocr_line' id='line_1_3' title="bbox 97 739 1059 832; baseline -0.008 -18"><span class='ocrx_word' id='word_1_10' title='bbox 97 747 209 825; x_wconf 85' lang='lat' dir='ltr'>clives,</span> <span class='ocrx_word' id='word_1_11' title='bbox 238 767 301 832; x_wconf 91' lang='lat' dir='ltr'>qua</span> <span class='ocrx_word' id='word_1_12' title='bbox 323 746 450 830; x_wconf 85' lang='lat' dir='ltr'>priores</span> <span class='ocrx_word' id='word_1_13' title='bbox 473 739 628 818; x_wconf 64' lang='lat' dir='ltr'>declivem</span> <span class='ocrx_word' id='word_1_14' title='bbox 657 741 705 806; x_wconf 88' lang='lat' dir='ltr'>his</span> <span class='ocrx_word' id='word_1_15' title='bbox 727 742 898 826; x_wconf 84' lang='lat' dir='ltr'>superatis,</span> <span class='ocrx_word' id='word_1_16' title='bbox 925 742 959 804; x_wconf 92' lang='lat' dir='ltr'>in</span> <span class='ocrx_word' id='word_1_17' title='bbox 982 760 1059 806; x_wconf 87' lang='lat' dir='ltr'>cun·</span> 
     </span>
     <span class='ocr_line' id='line_1_4' title="bbox 95 852 1056 946; baseline -0.006 -20"><span class='ocrx_word' id='word_1_18' title='bbox 95 861 187 937; x_wconf 85' lang='lat' dir='ltr'>clave</span> <span class='ocrx_word' id='word_1_19' title='bbox 217 867 382 946; x_wconf 71' lang='lat' dir='ltr'>angustum</span> <span class='ocrx_word' id='word_1_20' title='bbox 410 853 555 942; x_wconf 82' lang='lat' dir='ltr'>intrabis;</span> <span class='ocrx_word' id='word_1_21' title='bbox 584 863 650 918; x_wconf 89' lang='lat' dir='ltr'>tum</span> <span class='ocrx_word' id='word_1_22' title='bbox 679 852 720 918; x_wconf 87' lang='lat' dir='ltr'>ad</span> <span class='ocrx_word' id='word_1_23' title='bbox 743 852 883 918; x_wconf 78' lang='lat' dir='ltr'><strong>dextram</strong></span> <span class='ocrx_word' id='word_1_24' title='bbox 911 853 1056 920; x_wconf 79' lang='lat' dir='ltr'><strong>introitus</strong></span> 
     </span>
     <span class='ocr_line' id='line_1_5' title="bbox 92 967 1057 1064; baseline -0.008 -26"><span class='ocrx_word' id='word_1_25' title='bbox 92 985 185 1064; x_wconf 88' lang='lat' dir='ltr'>patet</span> <span class='ocrx_word' id='word_1_26' title='bbox 212 975 244 1038; x_wconf 91' lang='lat' dir='ltr'>in</span> <span class='ocrx_word' id='word_1_27' title='bbox 274 970 360 1042; x_wconf 87' lang='lat' dir='ltr'>aliud</span> <span class='ocrx_word' id='word_1_28' title='bbox 390 967 543 1034; x_wconf 82' lang='lat' dir='ltr'>conclave</span> <span class='ocrx_word' id='word_1_29' title='bbox 567 967 830 1052; x_wconf 62' lang='lat' dir='ltr'>angustissimum,</span> <span class='ocrx_word' id='word_1_30' title='bbox 860 987 925 1052; x_wconf 92' lang='lat' dir='ltr'>quo</span> <span class='ocrx_word' id='word_1_31' title='bbox 950 975 1057 1030; x_wconf 88' lang='lat' dir='ltr'>erecto</span> 
     </span>
     <span class='ocr_line' id='line_1_6' title="bbox 95 1075 1058 1173; baseline -0.007 -22"><span class='ocrx_word' id='word_1_32' title='bbox 95 1085 225 1173; x_wconf 90' lang='lat' dir='ltr'>quidem</span> <span class='ocrx_word' id='word_1_33' title='bbox 255 1087 357 1170; x_wconf 85' lang='lat' dir='ltr'>capite</span> <span class='ocrx_word' id='word_1_34' title='bbox 386 1092 469 1146; x_wconf 90' lang='lat' dir='ltr'>stare</span> <span class='ocrx_word' id='word_1_35' title='bbox 497 1079 587 1157; x_wconf 89' lang='lat' dir='ltr'>licet,</span> <span class='ocrx_word' id='word_1_36' title='bbox 624 1077 736 1144; x_wconf 87' lang='lat' dir='ltr'>cubitis</span> <span class='ocrx_word' id='word_1_37' title='bbox 767 1089 871 1142; x_wconf 90' lang='lat' dir='ltr'>autem</span> <span class='ocrx_word' id='word_1_38' title='bbox 901 1075 1058 1144; x_wconf 87' lang='lat' dir='ltr'>ambobus</span> 
     </span>
     <span class='ocr_line' id='line_1_7' title="bbox 96 1189 1059 1284; baseline -0.008 -20"><span class='ocrx_word' id='word_1_39' title='bbox 96 1199 255 1284; x_wconf 83' lang='lat' dir='ltr'>dispansis</span> <span class='ocrx_word' id='word_1_40' title='bbox 283 1214 390 1266; x_wconf 84' lang='lat' dir='ltr'>murus</span> <span class='ocrx_word' id='word_1_41' title='bbox 415 1202 551 1277; x_wconf 86' lang='lat' dir='ltr'>uterque</span> <span class='ocrx_word' id='word_1_42' title='bbox 572 1193 724 1276; x_wconf 68' lang='lat' dir='ltr'>tangitum</span> <span class='ocrx_word' id='word_1_43' title='bbox 752 1189 920 1276; x_wconf 76' lang='lat' dir='ltr'>longitudo</span> <span class='ocrx_word' id='word_1_44' title='bbox 942 1212 1059 1258; x_wconf 87' lang='lat' dir='ltr'>novem</span> 
     </span>
     <span class='ocr_line' id='line_1_8' title="bbox 98 1287 1060 1397; baseline -0.003 -25"><span class='ocrx_word' id='word_1_45' title='bbox 98 1309 201 1397; x_wconf 87' lang='lat' dir='ltr'>pedes</span> <span class='ocrx_word' id='word_1_46' title='bbox 223 1328 290 1370; x_wconf 90' lang='lat' dir='ltr'>non</span> <span class='ocrx_word' id='word_1_47' title='bbox 314 1302 444 1368; x_wconf 82' lang='lat' dir='ltr'>excedit.</span> <span class='ocrx_word' id='word_1_48' title='bbox 495 1303 646 1370; x_wconf 83' lang='lat' dir='ltr'>Ceterum</span> <span class='ocrx_word' id='word_1_49' title='bbox 669 1287 782 1389; x_wconf 68' lang='lat' dir='ltr'>(quod</span> <span class='ocrx_word' id='word_1_50' title='bbox 804 1301 931 1368; x_wconf 87' lang='lat' dir='ltr'>Tabula</span> <span class='ocrx_word' id='word_1_51' title='bbox 952 1304 975 1368; x_wconf 94' lang='lat'>1.</span> <span class='ocrx_word' id='word_1_52' title='bbox 1000 1303 1060 1370; x_wconf 90' lang='lat' dir='ltr'>do-</span> 
     </span>
     <span class='ocr_line' id='line_1_9' title="bbox 105 1414 1059 1499; baseline -0.003 -15"><span class='ocrx_word' id='word_1_53' title='bbox 105 1423 175 1499; x_wconf 89' lang='lat' dir='ltr'>cet)</span> <span class='ocrx_word' id='word_1_54' title='bbox 199 1428 284 1486; x_wconf 83' lang='lat' dir='ltr'>tutus</span> <span class='ocrx_word' id='word_1_55' title='bbox 305 1437 446 1484; x_wconf 84' lang='lat' dir='ltr'>recessus</span> <span class='ocrx_word' id='word_1_56' title='bbox 471 1435 562 1486; x_wconf 87' lang='lat' dir='ltr'>muro</span> <span class='ocrx_word' id='word_1_57' title='bbox 591 1414 715 1490; x_wconf 79' lang='lat' dir='ltr'>laterali</span> <span class='ocrx_word' id='word_1_58' title='bbox 742 1414 883 1492; x_wconf 86' lang='lat' dir='ltr'>inclusus</span> <span class='ocrx_word' id='word_1_59' title='bbox 913 1427 969 1482; x_wconf 83' lang='lat' dir='ltr'>est</span> <span class='ocrx_word' id='word_1_60' title='bbox 1021 1419 1059 1481; x_wconf 94' lang='lat' dir='ltr'>ln</span> 
     </span>
     <span class='ocr_line' id='line_1_10' title="bbox 105 1525 1082 1615; baseline -0.004 -18"><span class='ocrx_word' id='word_1_61' title='bbox 105 1533 178 1597; x_wconf 90' lang='lat' dir='ltr'>tecti</span> <span class='ocrx_word' id='word_1_62' title='bbox 213 1530 382 1594; x_wconf 83' lang='lat' dir='ltr'>caementis</span> <span class='ocrx_word' id='word_1_63' title='bbox 415 1549 511 1594; x_wconf 92' lang='lat' dir='ltr'>unum</span> <span class='ocrx_word' id='word_1_64' title='bbox 540 1551 578 1594; x_wconf 86' lang='lat' dir='ltr'>cx</span> <span class='ocrx_word' id='word_1_65' title='bbox 606 1526 787 1615; x_wconf 77' lang='lat' dir='ltr'>ingentibus</span> <span class='ocrx_word' id='word_1_66' title='bbox 814 1526 972 1613; x_wconf 80' lang='lat' dir='ltr'>lapidibus</span> <span class='ocrx_word' id='word_1_67' title='bbox 1003 1525 1082 1604; x_wconf 25' lang='lat' dir='ltr'>des</span> 
     </span>
     <span class='ocr_line' id='line_1_11' title="bbox 102 1639 1059 1730; baseline -0.004 -20"><span class='ocrx_word' id='word_1_68' title='bbox 102 1655 164 1718; x_wconf 85' lang='lat' dir='ltr'>cst;</span> <span class='ocrx_word' id='word_1_69' title='bbox 195 1663 259 1730; x_wconf 89' lang='lat' dir='ltr'>quo</span> <span class='ocrx_word' id='word_1_70' title='bbox 289 1641 431 1706; x_wconf 86' lang='lat' dir='ltr'>foramen</span> <span class='ocrx_word' id='word_1_71' title='bbox 457 1640 494 1708; x_wconf 89' lang='lat' dir='ltr'>fit</span> <span class='ocrx_word' id='word_1_72' title='bbox 523 1642 657 1709; x_wconf 84' lang='lat' dir='ltr'>summio</span> <span class='ocrx_word' id='word_1_73' title='bbox 687 1639 771 1706; x_wconf 87' lang='lat' dir='ltr'>haud</span> <span class='ocrx_word' id='word_1_74' title='bbox 795 1639 946 1706; x_wconf 82' lang='lat' dir='ltr'>absimile.</span> <span class='ocrx_word' id='word_1_75' title='bbox 998 1641 1059 1706; x_wconf 86' lang='lat' dir='ltr'>Pe·</span> 
     </span>
     <span class='ocr_line' id='line_1_12' title="bbox 102 1753 1060 1828; baseline -0.002 -8"><span class='ocrx_word' id='word_1_76' title='bbox 102 1756 176 1828; x_wconf 88' lang='lat' dir='ltr'>dum</span> <span class='ocrx_word' id='word_1_77' title='bbox 200 1766 231 1820; x_wconf 85' lang='lat' dir='ltr'>at</span> <span class='ocrx_word' id='word_1_78' title='bbox 253 1775 401 1820; x_wconf 90' lang='lat' dir='ltr'>manuum</span> <span class='ocrx_word' id='word_1_79' title='bbox 424 1753 538 1820; x_wconf 76' lang='lat' dir='ltr'>auxilio</span> <span class='ocrx_word' id='word_1_80' title='bbox 562 1753 715 1822; x_wconf 87' lang='lat' dir='ltr'>ascendes</span> <span class='ocrx_word' id='word_1_81' title='bbox 738 1757 771 1818; x_wconf 91' lang='lat' dir='ltr'>in</span> <span class='ocrx_word' id='word_1_82' title='bbox 793 1753 966 1819; x_wconf 90' lang='lat' dir='ltr'>secundum</span> <span class='ocrx_word' id='word_1_83' title='bbox 984 1775 1060 1818; x_wconf 91' lang='lat' dir='ltr'>con-</span> 
     </span>
     <span class='ocr_line' id='line_1_13' title="bbox 100 1865 1060 1953; baseline -0.004 -19"><span class='ocrx_word' id='word_1_84' title='bbox 100 1869 207 1946; x_wconf 87' lang='lat' dir='ltr'>clave,</span> <span class='ocrx_word' id='word_1_85' title='bbox 236 1866 284 1932; x_wconf 92' lang='lat' dir='ltr'>illi</span> <span class='ocrx_word' id='word_1_86' title='bbox 308 1887 347 1932; x_wconf 90' lang='lat' dir='ltr'>eo</span> <span class='ocrx_word' id='word_1_87' title='bbox 370 1865 468 1932; x_wconf 89' lang='lat' dir='ltr'>modo</span> <span class='ocrx_word' id='word_1_88' title='bbox 491 1877 752 1952; x_wconf 82' lang='lat' dir='ltr'>superstructum,</span> <span class='ocrx_word' id='word_1_89' title='bbox 774 1877 810 1934; x_wconf 92' lang='lat' dir='ltr'>ut</span> <span class='ocrx_word' id='word_1_90' title='bbox 832 1865 968 1952; x_wconf 87' lang='lat' dir='ltr'>lapides,</span> <span class='ocrx_word' id='word_1_91' title='bbox 992 1868 1060 1953; x_wconf 91' lang='lat' dir='ltr'>qui-</span> 
     </span>
     <span class='ocr_line' id='line_1_14' title="bbox 100 1977 1058 2068; baseline -0.004 -22"><span class='ocrx_word' id='word_1_92' title='bbox 100 1982 159 2046; x_wconf 92' lang='lat' dir='ltr'>bus</span> <span class='ocrx_word' id='word_1_93' title='bbox 182 1983 300 2068; x_wconf 82' lang='lat' dir='ltr'>tegitur</span> <span class='ocrx_word' id='word_1_94' title='bbox 319 1980 465 2058; x_wconf 87' lang='lat' dir='ltr'>inferius,</span> <span class='ocrx_word' id='word_1_95' title='bbox 487 1978 595 2048; x_wconf 85' lang='lat' dir='ltr'>solum</span> <span class='ocrx_word' id='word_1_96' title='bbox 612 1977 788 2065; x_wconf 88' lang='lat' dir='ltr'>praebcant</span> <span class='ocrx_word' id='word_1_97' title='bbox 810 1981 973 2064; x_wconf 83' lang='lat' dir='ltr'>superiori</span> <span class='ocrx_word' id='word_1_98' title='bbox 1019 1980 1058 2044; x_wconf 91' lang='lat' dir='ltr'>In</span> 
     </span>
     <span class='ocr_line' id='line_1_15' title="bbox 102 2089 1059 2180; baseline -0.004 -20"><span class='ocrx_word' id='word_1_99' title='bbox 102 2105 191 2180; x_wconf 85' lang='lat' dir='ltr'>parte</span> <span class='ocrx_word' id='word_1_100' title='bbox 213 2091 338 2160; x_wconf 81' lang='lat' dir='ltr'>burenli</span> <span class='ocrx_word' id='word_1_101' title='bbox 359 2091 468 2162; x_wconf 86' lang='lat' dir='ltr'>itidem</span> <span class='ocrx_word' id='word_1_102' title='bbox 495 2091 638 2166; x_wconf 88' lang='lat' dir='ltr'>foramen</span> <span class='ocrx_word' id='word_1_103' title='bbox 667 2103 715 2156; x_wconf 90' lang='lat' dir='ltr'>est</span> <span class='ocrx_word' id='word_1_104' title='bbox 743 2095 776 2156; x_wconf 93' lang='lat' dir='ltr'>in</span> <span class='ocrx_word' id='word_1_105' title='bbox 798 2102 899 2170; x_wconf 90' lang='lat' dir='ltr'>tecto,</span> <span class='ocrx_word' id='word_1_106' title='bbox 928 2089 1059 2177; x_wconf 84' lang='lat' dir='ltr'>quoad</span> 
     </span>
     <span class='ocr_line' id='line_1_16' title="bbox 101 2203 1059 2284; baseline -0.002 -12"><span class='ocrx_word' id='word_1_107' title='bbox 101 2209 225 2274; x_wconf 84' lang='lat' dir='ltr'>tertium</span> <span class='ocrx_word' id='word_1_108' title='bbox 261 2204 430 2284; x_wconf 78' lang='lat' dir='ltr'>wnclave,</span> <span class='ocrx_word' id='word_1_109' title='bbox 466 2203 592 2270; x_wconf 86' lang='lat' dir='ltr'>duobus</span> <span class='ocrx_word' id='word_1_110' title='bbox 624 2203 827 2271; x_wconf 85' lang='lat' dir='ltr'>inferioribus</span> <span class='ocrx_word' id='word_1_111' title='bbox 863 2205 1059 2282; x_wconf 87' lang='lat' dir='ltr'>simillimum,</span> 
     </span>
     <span class='ocr_line' id='line_1_17' title="bbox 103 2316 1060 2403; baseline -0.002 -21"><span class='ocrx_word' id='word_1_112' title='bbox 103 2317 287 2383; x_wconf 76' lang='lat' dir='ltr'>ascenditur.</span> <span class='ocrx_word' id='word_1_113' title='bbox 333 2319 417 2382; x_wconf 86' lang='lat' dir='ltr'>Huic</span> <span class='ocrx_word' id='word_1_114' title='bbox 438 2319 593 2388; x_wconf 88' lang='lat' dir='ltr'>rarissima</span> <span class='ocrx_word' id='word_1_115' title='bbox 614 2320 786 2390; x_wconf 80' lang='lat' dir='ltr'>immittitur</span> <span class='ocrx_word' id='word_1_116' title='bbox 807 2316 861 2393; x_wconf 86' lang='lat' dir='ltr'>lux</span> <span class='ocrx_word' id='word_1_117' title='bbox 881 2339 941 2403; x_wconf 90' lang='lat' dir='ltr'>per</span> <span class='ocrx_word' id='word_1_118' title='bbox 963 2320 1060 2403; x_wconf 85' lang='lat' dir='ltr'>spira-</span> 
     </span>
     <span class='ocr_line' id='line_1_18' title="bbox 7 2428 1058 2517; baseline -0.002 -23"><span class='ocrx_word' id='word_1_119' title='bbox 7 2457 8 2494; x_wconf 55' lang='grc' dir='ltr'><strong>ς</strong></span> <span class='ocrx_word' id='word_1_120' title='bbox 100 2453 173 2496; x_wconf 90' lang='lat' dir='ltr'>men</span> <span class='ocrx_word' id='word_1_121' title='bbox 196 2434 346 2517; x_wconf 77' lang='lat' dir='ltr'>exiguum,</span> <span class='ocrx_word' id='word_1_122' title='bbox 370 2429 500 2516; x_wconf 77' lang='lat' dir='ltr'>digitum</span> <span class='ocrx_word' id='word_1_123' title='bbox 522 2428 686 2502; x_wconf 86' lang='lat' dir='ltr'>latitudine</span> <span class='ocrx_word' id='word_1_124' title='bbox 707 2433 758 2504; x_wconf 65' lang='lat' dir='ltr'>vix,</span> <span class='ocrx_word' id='word_1_125' title='bbox 774 2451 934 2514; x_wconf 86' lang='lat' dir='ltr'>superans,</span> <span class='ocrx_word' id='word_1_126' title='bbox 961 2428 1058 2515; x_wconf 91' lang='lat' dir='ltr'>quod,</span> 
     </span>
     <span class='ocr_line' id='line_1_19' title="bbox 100 2540 1058 2629; baseline -0.004 -19"><span class='ocrx_word' id='word_1_127' title='bbox 100 2547 127 2610; x_wconf 90' lang='lat' dir='ltr'>si</span> <span class='ocrx_word' id='word_1_128' title='bbox 153 2566 275 2611; x_wconf 84' lang='lat' dir='ltr'>murum</span> <span class='ocrx_word' id='word_1_129' title='bbox 305 2554 466 2608; x_wconf 85' lang='lat' dir='ltr'>externum</span> <span class='ocrx_word' id='word_1_130' title='bbox 496 2541 735 2629; x_wconf 84' lang='lat' dir='ltr'>contempleris,</span> <span class='ocrx_word' id='word_1_131' title='bbox 770 2541 883 2608; x_wconf 87' lang='lat' dir='ltr'>oculus</span> <span class='ocrx_word' id='word_1_132' title='bbox 911 2540 1058 2606; x_wconf 87' lang='lat' dir='ltr'>facillime</span> 
     </span>
     <span class='ocr_line' id='line_1_20' title="bbox 99 2653 1058 2742; baseline -0.003 -21"><span class='ocrx_word' id='word_1_133' title='bbox 99 2657 192 2742; x_wconf 74' lang='lat' dir='ltr'>fugit,</span> <span class='ocrx_word' id='word_1_134' title='bbox 220 2666 285 2719; x_wconf 92' lang='lat' dir='ltr'>tum</span> <span class='ocrx_word' id='word_1_135' title='bbox 307 2665 438 2740; x_wconf 89' lang='lat' dir='ltr'>propter</span> <span class='ocrx_word' id='word_1_136' title='bbox 461 2658 673 2742; x_wconf 75' lang='lat' dir='ltr'>exiguitatem,</span> <span class='ocrx_word' id='word_1_137' title='bbox 696 2666 761 2721; x_wconf 90' lang='lat' dir='ltr'>tum</span> <span class='ocrx_word' id='word_1_138' title='bbox 784 2658 857 2741; x_wconf 82' lang='lat' dir='ltr'>quia</span> <span class='ocrx_word' id='word_1_139' title='bbox 878 2653 1058 2740; x_wconf 87' lang='lat' dir='ltr'>sculpturae</span> 
     </span>
     <span class='ocr_line' id='line_1_21' title="bbox 100 2757 1059 2854; baseline 0 -22"><span class='ocrx_word' id='word_1_140' title='bbox 100 2757 361 2850; x_wconf 72' lang='lat' dir='ltr'>hieroglyphicas</span> <span class='ocrx_word' id='word_1_141' title='bbox 391 2779 594 2854; x_wconf 86' lang='lat' dir='ltr'>conspectum</span> <span class='ocrx_word' id='word_1_142' title='bbox 624 2767 760 2834; x_wconf 75' lang='lat' dir='ltr'>turbant,</span> <span class='ocrx_word' id='word_1_143' title='bbox 812 2767 875 2832; x_wconf 88' lang='lat' dir='ltr'>Per</span> <span class='ocrx_word' id='word_1_144' title='bbox 902 2770 1059 2852; x_wconf 87' lang='lat' dir='ltr'>spiramen</span> 
     </span>
     <span class='ocr_line' id='line_1_22' title="bbox 102 2878 1059 2966; baseline -0.003 -20"><span class='ocrx_word' id='word_1_145' title='bbox 102 2883 188 2946; x_wconf 86' lang='lat' dir='ltr'>intus</span> <span class='ocrx_word' id='word_1_146' title='bbox 210 2880 366 2964; x_wconf 70' lang='lat' dir='ltr'>proximas</span> <span class='ocrx_word' id='word_1_147' title='bbox 388 2878 510 2943; x_wconf 88' lang='lat' dir='ltr'>insulae</span> <span class='ocrx_word' id='word_1_148' title='bbox 529 2892 636 2966; x_wconf 86' lang='lat' dir='ltr'>partes</span> <span class='ocrx_word' id='word_1_149' title='bbox 659 2879 844 2966; x_wconf 84' lang='lat' dir='ltr'>adspicienti</span> <span class='ocrx_word' id='word_1_150' title='bbox 869 2879 955 2958; x_wconf 89' lang='lat' dir='ltr'>haud</span> <span class='ocrx_word' id='word_1_151' title='bbox 977 2878 1059 2944; x_wconf 82' lang='lat' dir='ltr'>diffi-</span> 
     </span>
     <span class='ocr_line' id='line_1_23' title="bbox 107 2988 1060 3079; baseline 0 -21"><span class='ocrx_word' id='word_1_152' title='bbox 107 2991 167 3058; x_wconf 90' lang='lat' dir='ltr'>cile</span> <span class='ocrx_word' id='word_1_153' title='bbox 198 3000 259 3067; x_wconf 85' lang='lat' dir='ltr'>est,</span> <span class='ocrx_word' id='word_1_154' title='bbox 290 2988 487 3058; x_wconf 85' lang='lat' dir='ltr'>conclavimn</span> <span class='ocrx_word' id='word_1_155' title='bbox 514 2995 604 3058; x_wconf 88' lang='lat' dir='ltr'>situm</span> <span class='ocrx_word' id='word_1_156' title='bbox 634 2996 667 3058; x_wconf 91' lang='lat' dir='ltr'>in</span> <span class='ocrx_word' id='word_1_157' title='bbox 695 2992 803 3079; x_wconf 86' lang='lat' dir='ltr'>templi</span> <span class='ocrx_word' id='word_1_158' title='bbox 830 3014 921 3057; x_wconf 84' lang='lat' dir='ltr'>muro</span> <span class='ocrx_word' id='word_1_159' title='bbox 944 2996 1060 3076; x_wconf 77' lang='lat' dir='ltr'>consti-</span> 
     </span>
     <span class='ocr_line' id='line_1_24' title="bbox 106 3105 1060 3202; baseline 0.002 -33"><span class='ocrx_word' id='word_1_160' title='bbox 106 3113 204 3180; x_wconf 85' lang='lat' dir='ltr'>tuere,</span> <span class='ocrx_word' id='word_1_161' title='bbox 226 3125 296 3167; x_wconf 93' lang='lat' dir='ltr'>cum</span> <span class='ocrx_word' id='word_1_162' title='bbox 320 3125 357 3168; x_wconf 86' lang='lat' dir='ltr'>ex</span> <span class='ocrx_word' id='word_1_163' title='bbox 380 3106 530 3189; x_wconf 87' lang='lat' dir='ltr'>opposito</span> <span class='ocrx_word' id='word_1_164' title='bbox 552 3105 620 3170; x_wconf 89' lang='lat' dir='ltr'>Nili</span> <span class='ocrx_word' id='word_1_165' title='bbox 641 3109 710 3192; x_wconf 85' lang='lat' dir='ltr'>ripa</span> <span class='ocrx_word' id='word_1_166' title='bbox 732 3105 893 3171; x_wconf 86' lang='lat' dir='ltr'>orientalis</span> <span class='ocrx_word' id='word_1_167' title='bbox 917 3115 949 3170; x_wconf 87' lang='lat' dir='ltr'>et</span> <span class='ocrx_word' id='word_1_168' title='bbox 963 3127 1060 3202; x_wconf 80' lang='lat' dir='ltr'>pron-</span> 
     </span>
     <span class='ocr_line' id='line_1_25' title="bbox 105 3214 1059 3305; baseline -0.002 -21"><span class='ocrx_word' id='word_1_169' title='bbox 105 3218 184 3286; x_wconf 86' lang='lat' dir='ltr'>tium</span> <span class='ocrx_word' id='word_1_170' title='bbox 211 3214 406 3284; x_wconf 79' lang='lat' dir='ltr'>arabicorum</span> <span class='ocrx_word' id='word_1_171' title='bbox 436 3227 551 3284; x_wconf 84' lang='lat' dir='ltr'>tractus</span> <span class='ocrx_word' id='word_1_172' title='bbox 582 3221 822 3305; x_wconf 66' lang='lat' dir='ltr'>conspiciantur.</span> <span class='ocrx_word' id='word_1_173' title='bbox 874 3219 977 3285; x_wconf 85' lang='lat' dir='ltr'>Tanta</span> <span class='ocrx_word' id='word_1_174' title='bbox 1006 3240 1059 3282; x_wconf 84' lang='lat' dir='ltr'>au-</span> 
     </span>
     <span class='ocr_line' id='line_1_26' title="bbox 103 3325 1059 3408; baseline 0.002 -14"><span class='ocrx_word' id='word_1_175' title='bbox 103 3339 171 3398; x_wconf 84' lang='lat' dir='ltr'>tem</span> <span class='ocrx_word' id='word_1_176' title='bbox 191 3338 239 3392; x_wconf 88' lang='lat' dir='ltr'>est</span> <span class='ocrx_word' id='word_1_177' title='bbox 259 3331 307 3394; x_wconf 84' lang='lat' dir='ltr'>vis</span> <span class='ocrx_word' id='word_1_178' title='bbox 329 3328 488 3399; x_wconf 84' lang='lat' dir='ltr'>radiomun</span> <span class='ocrx_word' id='word_1_179' title='bbox 511 3329 605 3408; x_wconf 85' lang='lat' dir='ltr'>solis,</span> <span class='ocrx_word' id='word_1_180' title='bbox 633 3330 766 3398; x_wconf 85' lang='lat' dir='ltr'>insulam</span> <span class='ocrx_word' id='word_1_181' title='bbox 791 3341 829 3396; x_wconf 86' lang='lat' dir='ltr'>et·</span> <span class='ocrx_word' id='word_1_182' title='bbox 843 3342 966 3399; x_wconf 84' lang='lat' dir='ltr'>montes</span> <span class='ocrx_word' id='word_1_183' title='bbox 988 3325 1059 3396; x_wconf 90' lang='lat' dir='ltr'>illu-</span> 
     </span>
     <span class='ocr_line' id='line_1_27' title="bbox 100 3441 1060 3528; baseline 0 -22"><span class='ocrx_word' id='word_1_184' title='bbox 100 3443 281 3519; x_wconf 86' lang='lat' dir='ltr'>strantium,</span> <span class='ocrx_word' id='word_1_185' title='bbox 315 3452 351 3514; x_wconf 87' lang='lat' dir='ltr'>ut</span> <span class='ocrx_word' id='word_1_186' title='bbox 385 3465 443 3528; x_wconf 90' lang='lat' dir='ltr'>per</span> <span class='ocrx_word' id='word_1_187' title='bbox 478 3445 636 3528; x_wconf 88' lang='lat' dir='ltr'>spiramen</span> <span class='ocrx_word' id='word_1_188' title='bbox 665 3466 704 3507; x_wconf 85' lang='lat' dir='ltr'>cx</span> <span class='ocrx_word' id='word_1_189' title='bbox 731 3441 870 3508; x_wconf 85' lang='lat' dir='ltr'>tenebris</span> <span class='ocrx_word' id='word_1_190' title='bbox 897 3442 960 3506; x_wconf 88' lang='lat' dir='ltr'>illis</span> <span class='ocrx_word' id='word_1_191' title='bbox 987 3465 1060 3528; x_wconf 85' lang='lat' dir='ltr'>spe-</span> 
     </span>
     <span class='ocr_line' id='line_1_28' title="bbox 7 3553 1059 3640; baseline 0.001 -22"><span class='ocrx_word' id='word_1_192' title='bbox 7 3596 12 3626; x_wconf 83' lang='lat'>.</span> <span class='ocrx_word' id='word_1_193' title='bbox 102 3556 200 3618; x_wconf 88' lang='lat' dir='ltr'>ctanti</span> <span class='ocrx_word' id='word_1_194' title='bbox 228 3562 296 3617; x_wconf 85' lang='lat' dir='ltr'>tota</span> <span class='ocrx_word' id='word_1_195' title='bbox 323 3556 410 3640; x_wconf 77' lang='lat' dir='ltr'>regio</span> <span class='ocrx_word' id='word_1_196' title='bbox 440 3557 530 3640; x_wconf 84' lang='lat' dir='ltr'>qussi</span> <span class='ocrx_word' id='word_1_197' title='bbox 559 3554 670 3619; x_wconf 90' lang='lat' dir='ltr'>ardere</span> <span class='ocrx_word' id='word_1_198' title='bbox 691 3553 844 3632; x_wconf 88' lang='lat' dir='ltr'>videatur,</span> <span class='ocrx_word' id='word_1_199' title='bbox 867 3563 899 3618; x_wconf 92' lang='lat' dir='ltr'>ct</span> <span class='ocrx_word' id='word_1_200' title='bbox 920 3553 1059 3633; x_wconf 87' lang='lat' dir='ltr'>umbrae,</span> 
     </span>
     <span class='ocr_line' id='line_1_29' title="bbox 7 3661 1059 3750; baseline 0.002 -22"><span class='ocrx_word' id='word_1_201' title='bbox 7 3677 10 3710; x_wconf 69' lang='lat' dir='ltr'>t</span> <span class='ocrx_word' id='word_1_202' title='bbox 102 3667 135 3728; x_wconf 92' lang='lat' dir='ltr'>in</span> <span class='ocrx_word' id='word_1_203' title='bbox 155 3661 203 3729; x_wconf 90' lang='lat' dir='ltr'>his</span> <span class='ocrx_word' id='word_1_204' title='bbox 226 3663 419 3750; x_wconf 80' lang='lat' dir='ltr'>regionibus,</span> <span class='ocrx_word' id='word_1_205' title='bbox 441 3675 477 3730; x_wconf 91' lang='lat' dir='ltr'>ut</span> <span class='ocrx_word' id='word_1_206' title='bbox 499 3677 631 3745; x_wconf 88' lang='lat' dir='ltr'>constat,</span> <span class='ocrx_word' id='word_1_207' title='bbox 654 3665 855 3731; x_wconf 87' lang='lat' dir='ltr'>densissimae</span> <span class='ocrx_word' id='word_1_208' title='bbox 879 3676 911 3731; x_wconf 91' lang='lat' dir='ltr'>et</span> <span class='ocrx_word' id='word_1_209' title='bbox 931 3665 998 3732; x_wconf 80' lang='lat' dir='ltr'>lere</span> <span class='ocrx_word' id='word_1_210' title='bbox 1013 3668 1059 3730; x_wconf 91' lang='lat' dir='ltr'>ni-</span> 
     </span>
     <span class='ocr_line' id='line_1_30' title="bbox 7 3763 757 3865; baseline 0.005 -25"><span class='ocrx_word' id='word_1_211' title='bbox 7 3763 8 3778; x_wconf 40' lang='lat'><em>*</em></span> <span class='ocrx_word' id='word_1_212' title='bbox 107 3795 192 3861; x_wconf 79' lang='lat' dir='ltr'>grae,</span> <span class='ocrx_word' id='word_1_213' title='bbox 212 3779 275 3862; x_wconf 82' lang='lat' dir='ltr'>jam</span> <span class='ocrx_word' id='word_1_214' title='bbox 297 3775 554 3843; x_wconf 84' lang='lat' dir='ltr'>subrubicundac</span> <span class='ocrx_word' id='word_1_215' title='bbox 577 3788 757 3865; x_wconf 86' lang='lat' dir='ltr'>appareant</span> 
     </span>
     <span class='ocr_line' id='line_1_31' title="bbox 172 3886 1061 3978; baseline 0.002 -26"><span class='ocrx_word' id='word_1_216' title='bbox 172 3886 268 3954; x_wconf 78' lang='lat' dir='ltr'>Aliud</span> <span class='ocrx_word' id='word_1_217' title='bbox 296 3888 450 3956; x_wconf 87' lang='lat' dir='ltr'>conclave</span> <span class='ocrx_word' id='word_1_218' title='bbox 478 3893 572 3956; x_wconf 84' lang='lat' dir='ltr'>tertio</span> <span class='ocrx_word' id='word_1_219' title='bbox 597 3893 831 3978; x_wconf 85' lang='lat' dir='ltr'>supcrpositmn</span> <span class='ocrx_word' id='word_1_220' title='bbox 851 3911 919 3956; x_wconf 90' lang='lat' dir='ltr'>non</span> <span class='ocrx_word' id='word_1_221' title='bbox 939 3892 1061 3978; x_wconf 86' lang='lat' dir='ltr'>reperi·</span> 
     </span>
     <span class='ocr_line' id='line_1_32' title="bbox 107 3999 1059 4090; baseline 0.007 -28"><span class='ocrx_word' id='word_1_222' title='bbox 107 4017 191 4078; x_wconf 87' lang='lat' dir='ltr'>mus,</span> <span class='ocrx_word' id='word_1_223' title='bbox 216 4018 321 4088; x_wconf 88' lang='lat' dir='ltr'>neque</span> <span class='ocrx_word' id='word_1_224' title='bbox 342 4011 459 4068; x_wconf 89' lang='lat' dir='ltr'>tectum</span> <span class='ocrx_word' id='word_1_225' title='bbox 481 3999 640 4090; x_wconf 80' lang='lat' dir='ltr'>pulsando</span> <span class='ocrx_word' id='word_1_226' title='bbox 663 4011 815 4072; x_wconf 83' lang='lat' dir='ltr'>tentatum</span> <span class='ocrx_word' id='word_1_227' title='bbox 836 4025 949 4070; x_wconf 88' lang='lat' dir='ltr'>sonum</span> <span class='ocrx_word' id='word_1_228' title='bbox 970 4001 1059 4070; x_wconf 88' lang='lat' dir='ltr'>illum</span> 
     </span>
    </p>
   </div>
   <div class='ocr_carea' id='block_1_3' title="bbox 0 0 1518 4920">
    <p class='ocr_par' dir='ltr' id='par_1_3' title="bbox 0 0 1518 4920">
     <span class='ocr_line' id='line_1_33' title="bbox 0 0 1518 4920; baseline 0 0"><span class='ocrx_word' id='word_1_229' title='bbox 0 0 1518 4920; x_wconf 95' lang='lat' dir='ltr'> </span> 
     </span>
    </p>
   </div>
  </div>
 </body>
</html>
