3000 4908
1020 449 1069 524 55

105 650 202 715 quam
226 628 337 694 barum
360 636 409 691 est
430 609 566 708 studir'rm
590 634 622 688 et
644 626 782 692 anxietas
804 626 837 690 iu
860 621 1003 689 arcendis
1025 621 1067 690 ab
1123 635 1199 695 Pras
1216 636 1236 697 1.

104 740 163 806 illo
187 737 357 822 ‚domicilio
386 738 568 823 peregrinis,
617 737 933 822 Appropinquantem
950 759 1069 826 ·quem-

16 925 17 928 Ἴ
104 875 171 939 que
196 851 275 916 diris
299 851 458 934 excipiunt
481 858 512 912 et
534 847 699 912 horrendis
715 846 1000 935 imprecationibus
1022 850 1068 914 in·

104 963 307 1052 gredientem
329 981 442 1046 magno
466 959 619 1048 clamere,
647 963 711 1024 imo
741 959 884 1026 manibus
909 959 1067 1046 repellere

105 1085 277 1152 conantur,
304 1071 505 1140 recedentem
528 1074 677 1138 conviciis
699 1071 796 1158 long‘e
817 1083 985 1138 sectantur.
1030 1073 1067 1138 ln

105 1200 199 1277 parte
225 1184 334 1273 templi
356 1183 546 1250 occidentali
566 1185 647 1250 banc
668 1185 904 1272 inscriptionem
919 1185 1066 1265 mutilam,

107 1299 264 1388 epistylio
289 1300 477 1384 appositam,
500 1295 647 1362 vidimus:
1083 1275 1087 1286 ¹

210 1492 244 1504 -
264 1464 380 1513 terrm
398 1461 557 1515 EHOIHCE
575 1487 609 1500 -
631 1465 657 1512 Η
677 1491 708 1502 -
729 1461 912 1512 orantum
935 1491 964 1503 -

105 1611 247 1674 Primum
276 1606 467 1673 vocabulum
494 1607 591 1672 finem
622 1630 691 1672 esse
714 1619 846 1695 apparet
865 1609 1000 1672 nominis
1022 1602 1068 1671 fe
1130 1625 1226 1679 Veneri

107 1723 219 1785 minini
242 1731 273 1786 et
296 1721 433 1785 Romani
455 1720 590 1808 quidem,
612 1731 647 1784 nt
669 1721 835 1808 Propertia
857 1720 910 1785 vel
930 1719 1066 1814 Mamer·
1113 1697 1241 1750 dmm·

108 1836 168 1908 tia;
199 1832 256 1897 sed
284 1835 317 1896 in
345 1834 408 1898 hec
435 1855 501 1900 non
529 1835 727 1908 haereamus;
762 1835 889 1922 majoris
916 1833 1067 1896 momenti

108 1945 237 2010 videtur
258 1929 390 2008 verbnm
413 1947 544 2024 ἐποίησε
551 1989 560 2024 ,
592 1944 680 2032 qnod
698 1948 807 2028 ‘rarius
832 1949 865 2010 in
887 1939 1066 2030 hujusmodi

110 2056 364 2122 dedicationibus
387 2056 509 2144 legitur.
559 2056 728 2143 Reliquam
756 2059 966 2152 inscriptionis
993 2077 1065 2143 par-

110 2181 176 2234 tem
198 2172 240 2234 ita
263 2169 458 2255 supplemus:
503 2181 565 2228 Tru
588 2181 825 2246 normannum
840 2205 892 2258 ¹-
916 2166 1063 2235 articulus

110 2291 240 2370 practer
262 2280 523 2348 consuetudinem
544 2287 675 2369 positus,
699 2307 723 2346 ω
748 2295 779 2348 et
802 2306 828 2346 se
844 2285 1001 2348 neminem
1018 2279 1064 2344 of-

70 2403 88 2423 ‘'
110 2393 252 2460 fendent.
303 2393 429 2458 Literae
458 2405 623 2480 praeterea
651 2417 761 2482 magna
785 2417 854 2460 curn
876 2395 995 2459 incuria
1019 2391 1063 2456 la-

110 2505 178 2591 pidi
200 2516 273 2572 sunt
295 2509 470 2591 inscriptae.
523 2507 557 2571 si
584 2507 716 2572 verbum
739 2509 871 2588 ἐποίησε
892 2506 934 2572 ad
956 2502 1065 2591 templi

114 2619 380 2682 constructionem
401 2618 572 2684 referretur
584 2617 634 2702 *).‚
663 2621 742 2685 baec
763 2622 924 2706 inscriptio
946 2637 1065 2684 novum

114 2741 328 2816 argtunentum
356 2730 573 2817 suppeditaret
601 2735 758 2818 opinioni,
788 2753 868 2818 quae
884 2752 998 2816 ‚nuper
1018 2732 1065 2796 in-

113 2841 220 2920 valuit,
242 2844 420 2907 recentiore
443 2854 586 2930 tempore
602 2844 800 2922 Graecorum
814 2845 883 2909 Diis
905 2846 939 2909 in
958 2843 1065 2928 Aeg-5⁷-

113 2964 169 3038 pto
186 2952 303 3041 templa
318 2965 473 3019 exstructa
489 2977 565 3020 esse.
603 2957 722 3022 Melius
737 2967 840 3022 autem
861 2956 902 3021 ad
923 2955 1064 3034 ἐποίησε,

115 3059 211 3150 εὐχήν
247 3065 300 3130 vel
336 3060 548 3153 προςκύνημα
590 3072 760 3134 assumitur.
826 3057 1065 3155 lnsc'riptionem

115 3175 321 3261 negligentius
360 3189 527 3258 exaratam,
564 3180 657 3246 loco.
677 3184 778 3246 minus
812 3193 887 3267 apto
920 3164 1067 3267 positam,¹

116 3287 280 3352 Romanae
301 3289 437 3356 mulieris
459 3303 568 3358 votum
591 3316 660 3360 esse
683 3315 854 3360 censemus.
891 3293 965 3378 Ipsa
979 3290 1064 3358 aedi.-

113 3395 355 3485 ficiielegantia
377 3402 473 3492 longe
496 3405 653 3492 discrepat
675 3429 694 3469 a
716 3406 798 3472 tituli
818 3406 978 3471 tenuitate.

179 3511 256 3577 Non
284 3517 358 3580 satis
385 3528 580 3604 compertum
607 3515 773 3594 habemus,
800 3537 875 3580 num
903 3514 1062 3591 sacellmn,

111 3622 210 3689 modo
232 3638 450 3706 memoratum,
478 3627 562 3692 idem
591 3632 631 3693 sit
657 3651 726 3693 curn
750 3650 804 3707 eo,
834 3629 884 3691 cui
905 3624 1061 3690 Banksius

113 3738 347 3833 inscriptionem
368 3737 545 3832 Ptolemaei
566 3741 729 3828 Euergetis
752 3741 791 3804 ΙΙ,
814 3737 929 3805 tribuit.
969 3739 1062 3804 Exlri-

148 3998 173 4067 ⁸)
190 3995 324 4055 linteones
341 3999 357 4054 l.
376 3999 394 4056 l.
412 4020 439 4077 p.
458 4003 511 4056 422
529 4019 586 4078 sqq.
