3026 4920
992 448 1038 522 11
1211 485 1214 494 “

80 629 144 693 cim
179 624 299 692 dierum
332 623 491 710 navigatio
528 619 770 709 expeditissima,
805 631 837 688 et
863 620 943 690 inira
971 633 1039 692 tota
1094 631 1170 692 Pars
1189 632 1207 700 l,

77 745 250 828 Aegyptus
271 727 406 804 navibus
428 745 525 822 patet,
547 771 589 786 -·
612 755 718 800 murus
740 736 833 821 igitur
852 757 919 802 non
936 736 1040 838 solum

76 854 121 919 ad
157 850 297 918 tuendos
331 858 536 925 mercatores,
569 845 628 912 sed
657 849 748 913 etiam
775 846 819 914 ad
845 850 943 914 instar
968 852 1040 917 vtae

75 968 223 1032 mimitae
245 970 419 1028 exstrrrctus
448 981 518 1024 esse
539 957 698 1038 videatur,
725 981 789 1046 qua
816 981 929 1046 magno
952 959 1041 1048 pedi-

75 1091 147 1144 tum
168 1095 305 1144 urmrero
330 1081 456 1159 praeter
476 1069 614 1136 camelos
644 1081 676 1136 et
704 1075 809 1138 asinos
837 1093 958 1138 merces
986 1072 1040 1140 ad

75 1193 291 1280 portantimu,
319 1205 380 1270 per
401 1203 525 1248 arenam
547 1182 672 1249 facilior
693 1196 777 1251 esset
797 1187 953 1250 transuus.
1005 1185 1040 1252 st

79 1306 156 1389 quis
177 1291 275 1365 talem
295 1299 375 1362 viam
386 1299 536 1363 munitam
557 1294 647 1360 nullo
666 1294 730 1360 alio
745 1295 820 1362 loco
836 1299 967 1384 reperiri
981 1319 1040 1363 no

79 1415 135 1479 bis
160 1411 303 1498 objiciat,
328 1410 513 1487 meminerit,
541 1407 632 1474 nullo
655 1407 719 1473 alio
741 1406 816 1474 loco
839 1408 947 1474 Nilum
969 1431 1040 1475 sco-

81 1524 170 1614 pulis
194 1521 386 1590 obstruetum
409 1543 487 1599 esse,
508 1519 583 1587 inde
606 1520 850 1586 aWadi-Halia
873 1518 933 1586 sub
955 1524 1040 1608 viga

80 1641 166 1703 simo
189 1638 290 1723 primo
312 1631 481 1710 latitudinis
501 1631 643 1698 borealis
664 1631 777 1719 gradu,
805 1653 907 1719 usque
929 1632 970 1698 ad
991 1655 1040 1700 se

79 1762 174 1839 ptem
196 1751 276 1814 ostia
298 1745 357 1810 sub
380 1748 536 1812 tricesimo
562 1748 673 1832 primo.

152 1863 240 1926 Inter
273 1870 394 1926 ceteras
421 1868 596 1923 cataractae
622 1856 740 1922 insulas
767 1853 876 1922 Philae
912 1859 1038 1923 minimo
1079 1839 1246 1930 Pittarum'

81 1985 161 2041 sunt
182 1975 320 2050 circeum,
343 1971 527 2058 qurrnr.400
548 1980 668 2034 tantum
688 1967 787 2055 pedes
803 1968 933 2055 gallicos
955 1969 1039 2036 latae
1085 1947 1212 2001 “him''

83 2091 156 2166 sint,
179 2107 216 2151 ac
237 2083 434 2172 longitudine
458 2084 546 2147 1000
566 2085 619 2146 vix
641 2079 802 2146 excedant.
839 2083 877 2146 ln
897 2084 961 2148 hoc
977 2093 1039 2150 tam

86 2203 201 2285 exiguo
227 2197 303 2263 loco
332 2205 454 2262 exstant
480 2193 576 2259 hodie
605 2192 778 2281 compluria
798 2194 930 2281 templa,
958 2198 1040 2281 peri-

86 2309 192 2396 stylia,
213 2311 367 2396 porticum
390 2307 604 2373 eolrrrunanmr
624 2327 802 2385 numerum,
825 2310 884 2373 etsi
904 2307 1047 2372 nonnula

86 2423 139 2488 lae
165 2425 228 2510 jam
256 2420 413 2507 dejectae,
442 2429 537 2506 atque
564 2421 660 2484 ruinis
690 2418 850 2507 collapsae
878 2432 966 2500 sunt,
998 2419 1040 2486 ad

89 2544 213 2598 centum
239 2535 420 2619 reperimus.
471 2532 521 2596 Ex
549 2533 634 2596 omui
661 2542 750 2616 parte
778 2553 884 2598 murus
912 2537 1040 2598 circeum

87 2649 188 2732 jactus
216 2655 278 2723 est,
299 2647 395 2732 ‘cujus
420 2642 555 2711 altitudo
577 2645 677 2708 variat
697 2645 779 2709 inter
800 2647 844 2711 20
866 2657 898 2712 et
919 2647 962 2712 25
985 2669 1040 2732 pe-

89 2757 161 2834 des;
182 2757 261 2823 Nilo
284 2756 325 2822 ad
347 2779 494 2822 summam
517 2777 669 2842 aquarum
692 2760 814 2843 copiam
837 2769 944 2838 aucto,
972 2777 1040 2824 non

89 2869 161 2956 plus
190 2871 226 2948 4,
254 2871 317 2938 live
344 2868 445 2956 pedes
472 2889 568 2954 super
595 2867 724 2933 fluvium
750 2873 920 2956 prominet:
947 2869 1040 2937 nullo

91 2978 187 3046 modo
220 2992 323 3047 autem
354 2977 427 3044 lieri
458 2990 578 3066 potest,
611 2990 648 3045 ut
679 2982 802 3046 minima
835 3005 909 3069 pars
937 2993 1040 3048 terrae

91 3113 181 3159 muro
204 3096 332 3171 cinctae,
354 3112 437 3178 aqua
458 3101 587 3178 tegatur.
632 3089 683 3157 ad
704 3095 797 3160 imam
817 3097 898 3160 muri
918 3103 1040 3182 partem

90 3213 179 3271 tanto
201 3206 352 3291 temporis
374 3203 490 3288 spatio,
515 3204 661 3270 nonnihil
685 3207 784 3286 humi,
812 3201 961 3272 aeldrente
982 3205 1040 3272 fln-

89 3319 143 3382 vio
174 3298 356 3401 congestum
385 3327 445 3394 est,
474 3315 562 3402 quod
589 3316 711 3382 insulae
732 3317 816 3384 fines
839 3339 1040 3406 quoquover-

89 3449 156 3494 sum
191 3426 267 3492 facit
294 3425 472 3512 ampliores,
504 3427 578 3514 plus
606 3439 711 3495 tamen
739 3429 827 3498 addit
853 3429 1040 3518 longitudini

91 3558 181 3626 quam
209 3537 372 3604 latitudini.
423 3539 552 3606 Murum
579 3543 672 3606 variis
698 3541 894 3628 temporibus
922 3551 1040 3606 exsuu

94 3663 170 3716 mum
192 3650 306 3729 luisse,¹
323 3650 463 3738 dispares
485 3653 567 3717 inter
588 3673 623 3717 se
646 3657 751 3739 operis
773 3655 904 3732 formae,
925 3653 1041 3720 diversi

97 3761 282 3848 singulorum
316 3761 455 3856 lapidum
489 3762 631 3842 ordines,
666 3784 840 3852 corumque
871 3776 971 3832 status
1004 3775 1040 3829 ut

98 3891 176 3936 nunc
202 3884 261 3953 est,
295 3869 436 3960 arguunt.
493 3873 722 3962 Nonnusquam
750 3901 856 3944 murus
882 3875 1039 3965 lapidibus

99 3981 248 4069 quadratis
271 3995 454 4064 exstructus,
476 3987 608 4073 augrrlos
628 3991 797 4057 introrsum
811 3987 1039 4066 amtoslrabet,

97 4097 176 4161 omni
189 4100 367 4182 symmetria
382 4096 540 4183 neglecta3
562 4097 667 4164 multis
683 4097 763 4166 locis
779 4099 948 4188 collapsus,
962 4099 1040 4166 mul-
