<?xml version="1.0" encoding="UTF-8"?>
<!DOCTYPE html PUBLIC "-//W3C//DTD XHTML 1.0 Transitional//EN"
    "http://www.w3.org/TR/xhtml1/DTD/xhtml1-transitional.dtd">
<html xmlns="http://www.w3.org/1999/xhtml" xml:lang="en" lang="en">
 <head>
  <title>
</title>
<meta http-equiv="Content-Type" content="text/html;charset=utf-8" />
  <meta name='ocr-system' content='tesseract 3.04.00' />
  <meta name='ocr-capabilities' content='ocr_page ocr_carea ocr_par ocr_line ocrx_word'/>
</head>
<body>
  <div class='ocr_page' id='page_1' title='image "./dephilisinsulae00partgoog_0102.png"; bbox 0 0 3000 4908; ppageno 0'>
   <div class='ocr_carea' id='block_1_1' title="bbox 1010 421 1060 494">
    <p class='ocr_par' dir='ltr' id='par_1_1' title="bbox 1010 421 1060 494">
     <span class='ocr_line' id='line_1_1' title="bbox 1010 421 1060 494; baseline 0 0"><span class='ocrx_word' id='word_1_1' title='bbox 1010 421 1060 494; x_wconf 74' lang='lat'><strong>87</strong></span> 
     </span>
    </p>
   </div>
   <div class='ocr_carea' id='block_1_2' title="bbox 93 593 1236 2479">
    <p class='ocr_par' dir='ltr' id='par_1_2' title="bbox 94 593 1236 1472">
     <span class='ocr_line' id='line_1_2' title="bbox 250 593 1236 673; baseline 0.007 -13"><span class='ocrx_word' id='word_1_2' title='bbox 250 596 485 660; x_wconf 88' lang='lat' dir='ltr'><strong>Herasicamina</strong></span> <span class='ocrx_word' id='word_1_3' title='bbox 507 593 575 673; x_wconf 73' lang='lat' dir='ltr'><strong>Vt„</strong></span> <span class='ocrx_word' id='word_1_4' title='bbox 1112 606 1186 666; x_wconf 73' lang='lat' dir='ltr'><strong>Pras</strong></span> <span class='ocrx_word' id='word_1_5' title='bbox 1205 609 1236 667; x_wconf 87' lang='lat' dir='ltr'><strong>ll.</strong></span> 
     </span>
     <span class='ocr_line' id='line_1_3' title="bbox 95 691 1058 794; baseline -0.003 -18"><span class='ocrx_word' id='word_1_6' title='bbox 95 709 153 776; x_wconf 90' lang='lat' dir='ltr'><strong>uhi</strong></span> <span class='ocrx_word' id='word_1_7' title='bbox 186 706 351 773; x_wconf 86' lang='lat' dir='ltr'><strong>castellum</strong></span> <span class='ocrx_word' id='word_1_8' title='bbox 380 705 540 794; x_wconf 89' lang='lat' dir='ltr'><strong>depictum</strong></span> <span class='ocrx_word' id='word_1_9' title='bbox 568 705 650 770; x_wconf 87' lang='lat' dir='ltr'><strong>fines</strong></span> <span class='ocrx_word' id='word_1_10' title='bbox 678 691 801 793; x_wconf 88' lang='lat' dir='ltr'><strong>imperii</strong></span> <span class='ocrx_word' id='word_1_11' title='bbox 829 709 966 773; x_wconf 84' lang='lat' dir='ltr'><strong>Romani</strong></span> <span class='ocrx_word' id='word_1_12' title='bbox 994 729 1058 774; x_wconf 83' lang='lat' dir='ltr'><strong>me·</strong></span> 
     </span>
     <span class='ocr_line' id='line_1_4' title="bbox 94 817 1058 905; baseline -0.003 -16"><span class='ocrx_word' id='word_1_13' title='bbox 94 819 269 889; x_wconf 85' lang='lat' dir='ltr'><strong>ridionales</strong></span> <span class='ocrx_word' id='word_1_14' title='bbox 297 818 424 884; x_wconf 76' lang='lat' dir='ltr'><strong>indicat</strong></span> <span class='ocrx_word' id='word_1_15' title='bbox 476 817 574 882; x_wconf 83' lang='lat' dir='ltr'><strong>Falso</strong></span> <span class='ocrx_word' id='word_1_16' title='bbox 603 821 637 882; x_wconf 94' lang='lat' dir='ltr'><strong>in</strong></span> <span class='ocrx_word' id='word_1_17' title='bbox 666 823 734 905; x_wconf 88' lang='lat' dir='ltr'><strong>ripa</strong></span> <span class='ocrx_word' id='word_1_18' title='bbox 760 819 908 885; x_wconf 83' lang='lat' dir='ltr'><strong>orientali</strong></span> <span class='ocrx_word' id='word_1_19' title='bbox 928 823 1058 887; x_wconf 87' lang='lat' dir='ltr'><strong>nomina</strong></span> 
     </span>
     <span class='ocr_line' id='line_1_5' title="bbox 94 928 1056 1020; baseline -0.004 -20"><span class='ocrx_word' id='word_1_20' title='bbox 94 939 213 1020; x_wconf 87' lang='lat' dir='ltr'><strong>scripta</strong></span> <span class='ocrx_word' id='word_1_21' title='bbox 241 943 327 1007; x_wconf 88' lang='lat' dir='ltr'><strong>sunt,</strong></span> <span class='ocrx_word' id='word_1_22' title='bbox 357 929 415 993; x_wconf 89' lang='lat' dir='ltr'><strong>sed</strong></span> <span class='ocrx_word' id='word_1_23' title='bbox 444 931 477 993; x_wconf 91' lang='lat' dir='ltr'><strong>in</strong></span> <span class='ocrx_word' id='word_1_24' title='bbox 506 928 615 994; x_wconf 86' lang='lat' dir='ltr'><strong>tabula</strong></span> <span class='ocrx_word' id='word_1_25' title='bbox 641 932 689 995; x_wconf 90' lang='lat' dir='ltr'><strong>his</strong></span> <span class='ocrx_word' id='word_1_26' title='bbox 711 931 807 996; x_wconf 90' lang='lat' dir='ltr'><strong>rebus</strong></span> <span class='ocrx_word' id='word_1_27' title='bbox 829 954 939 1019; x_wconf 89' lang='lat' dir='ltr'><strong>parum</strong></span> <span class='ocrx_word' id='word_1_28' title='bbox 962 953 1056 997; x_wconf 85' lang='lat' dir='ltr'><strong>curae</strong></span> 
     </span>
     <span class='ocr_line' id='line_1_6' title="bbox 95 1040 1057 1120; baseline -0.005 -7"><span class='ocrx_word' id='word_1_29' title='bbox 95 1046 269 1114; x_wconf 88' lang='lat' dir='ltr'><strong>adhibitum</strong></span> <span class='ocrx_word' id='word_1_30' title='bbox 292 1044 398 1120; x_wconf 88' lang='lat' dir='ltr'><strong>fnisse,</strong></span> <span class='ocrx_word' id='word_1_31' title='bbox 422 1041 551 1106; x_wconf 87' lang='lat' dir='ltr'><strong>aliarum</strong></span> <span class='ocrx_word' id='word_1_32' title='bbox 573 1040 698 1106; x_wconf 88' lang='lat' dir='ltr'><strong>urbium</strong></span> <span class='ocrx_word' id='word_1_33' title='bbox 720 1046 796 1108; x_wconf 90' lang='lat' dir='ltr'><strong>situs</strong></span> <span class='ocrx_word' id='word_1_34' title='bbox 820 1044 925 1109; x_wconf 82' lang='lat' dir='ltr'><strong>docet.</strong></span> <span class='ocrx_word' id='word_1_35' title='bbox 971 1045 1057 1109; x_wconf 86' lang='lat' dir='ltr'><strong>Ten-</strong></span> 
     </span>
     <span class='ocr_line' id='line_1_7' title="bbox 95 1155 1056 1246; baseline -0.004 -20"><span class='ocrx_word' id='word_1_36' title='bbox 95 1173 168 1246; x_wconf 82' lang='lat' dir='ltr'><strong>tyra</strong></span> <span class='ocrx_word' id='word_1_37' title='bbox 193 1161 275 1222; x_wconf 90' lang='lat' dir='ltr'><strong>enim</strong></span> <span class='ocrx_word' id='word_1_38' title='bbox 292 1167 323 1220; x_wconf 89' lang='lat' dir='ltr'><strong>et</strong></span> <span class='ocrx_word' id='word_1_39' title='bbox 338 1155 507 1241; x_wconf 80' lang='lat' dir='ltr'>Latopolis</span> <span class='ocrx_word' id='word_1_40' title='bbox 524 1166 556 1219; x_wconf 93' lang='lat' dir='ltr'><strong>et</strong></span> <span class='ocrx_word' id='word_1_41' title='bbox 571 1155 652 1219; x_wconf 86' lang='lat' dir='ltr'><strong>aliae</strong></span> <span class='ocrx_word' id='word_1_42' title='bbox 667 1158 699 1218; x_wconf 93' lang='lat' dir='ltr'><strong>in</strong></span> <span class='ocrx_word' id='word_1_43' title='bbox 715 1176 773 1219; x_wconf 89' lang='lat' dir='ltr'><strong>ora</strong></span> <span class='ocrx_word' id='word_1_44' title='bbox 786 1155 922 1221; x_wconf 86' lang='lat' dir='ltr'><strong>Arabica</strong></span> <span class='ocrx_word' id='word_1_45' title='bbox 941 1155 1056 1222; x_wconf 86' lang='lat' dir='ltr'><strong>adseri-</strong></span> 
     </span>
     <span class='ocr_line' id='line_1_8' title="bbox 95 1268 1055 1360; baseline -0.003 -23"><span class='ocrx_word' id='word_1_46' title='bbox 95 1284 170 1360; x_wconf 92' lang='lat' dir='ltr'><strong>ptae</strong></span> <span class='ocrx_word' id='word_1_47' title='bbox 193 1281 274 1348; x_wconf 88' lang='lat' dir='ltr'><strong>sunt,</strong></span> <span class='ocrx_word' id='word_1_48' title='bbox 298 1290 430 1355; x_wconf 89' lang='lat' dir='ltr'><strong>quarum</strong></span> <span class='ocrx_word' id='word_1_49' title='bbox 452 1271 546 1332; x_wconf 89' lang='lat' dir='ltr'><strong>situm</strong></span> <span class='ocrx_word' id='word_1_50' title='bbox 569 1271 751 1354; x_wconf 90' lang='lat' dir='ltr'><strong>oppositum</strong></span> <span class='ocrx_word' id='word_1_51' title='bbox 773 1288 841 1332; x_wconf 89' lang='lat' dir='ltr'><strong>non</strong></span> <span class='ocrx_word' id='word_1_52' title='bbox 863 1268 966 1333; x_wconf 91' lang='lat' dir='ltr'><strong>solum</strong></span> <span class='ocrx_word' id='word_1_53' title='bbox 981 1273 1055 1334; x_wconf 84' lang='lat' dir='ltr'><strong>scri·</strong></span> 
     </span>
     <span class='ocr_line' id='line_1_9' title="bbox 96 1379 1017 1472; baseline -0.004 -22"><span class='ocrx_word' id='word_1_54' title='bbox 96 1397 224 1472; x_wconf 90' lang='lat' dir='ltr'><strong>ptorum</strong></span> <span class='ocrx_word' id='word_1_55' title='bbox 246 1383 424 1447; x_wconf 86' lang='lat' dir='ltr'><strong>testimonia</strong></span> <span class='ocrx_word' id='word_1_56' title='bbox 447 1379 505 1445; x_wconf 86' lang='lat' dir='ltr'><strong>sed</strong></span> <span class='ocrx_word' id='word_1_57' title='bbox 529 1385 621 1446; x_wconf 84' lang='lat' dir='ltr'><strong>etiarn</strong></span> <span class='ocrx_word' id='word_1_58' title='bbox 643 1391 847 1445; x_wconf 88' lang='lat' dir='ltr'><strong>monumenta</strong></span> <span class='ocrx_word' id='word_1_59' title='bbox 868 1379 1017 1467; x_wconf 85' lang='lat' dir='ltr'><strong>probant.</strong></span> 
     </span>
    </p>

    <p class='ocr_par' dir='ltr' id='par_1_3' title="bbox 93 1494 1055 2479">
     <span class='ocr_line' id='line_1_10' title="bbox 162 1494 1055 1579; baseline -0.003 -18"><span class='ocrx_word' id='word_1_60' title='bbox 162 1495 430 1561; x_wconf 82' lang='lat' dir='ltr'><strong>Ilodecaschoeni</strong></span> <span class='ocrx_word' id='word_1_61' title='bbox 464 1515 626 1558; x_wconf 80' lang='lat' dir='ltr'><strong>mensuras</strong></span> <span class='ocrx_word' id='word_1_62' title='bbox 661 1496 794 1579; x_wconf 91' lang='lat' dir='ltr'><strong>primum</strong></span> <span class='ocrx_word' id='word_1_63' title='bbox 828 1494 944 1558; x_wconf 87' lang='lat' dir='ltr'><strong>rectius</strong></span> <span class='ocrx_word' id='word_1_64' title='bbox 979 1515 1055 1558; x_wconf 88' lang='lat' dir='ltr'><strong>con-</strong></span> 
     </span>
     <span class='ocr_line' id='line_1_11' title="bbox 94 1603 1053 1692; baseline -0.004 -18"><span class='ocrx_word' id='word_1_65' title='bbox 94 1612 194 1674; x_wconf 90' lang='lat' dir='ltr'><strong>stituit</strong></span> <span class='ocrx_word' id='word_1_66' title='bbox 216 1608 428 1672; x_wconf 89' lang='lat' dir='ltr'><strong>Hamiltonius</strong></span> <span class='ocrx_word' id='word_1_67' title='bbox 456 1609 489 1672; x_wconf 93' lang='lat' dir='ltr'><strong>in</strong></span> <span class='ocrx_word' id='word_1_68' title='bbox 511 1608 715 1692; x_wconf 77' lang='lat' dir='ltr'><strong>Aegyptiacis</strong></span> <span class='ocrx_word' id='word_1_69' title='bbox 738 1629 769 1692; x_wconf 88' lang='lat' dir='ltr'><strong>p.</strong></span> <span class='ocrx_word' id='word_1_70' title='bbox 792 1605 844 1670; x_wconf 83' lang='lat'><strong>38.</strong></span> <span class='ocrx_word' id='word_1_71' title='bbox 869 1606 945 1670; x_wconf 72' lang='lat'><strong>413.</strong></span> <span class='ocrx_word' id='word_1_72' title='bbox 970 1603 1053 1682; x_wconf 77' lang='lat' dir='ltr'><strong>tlt..</strong></span> 
     </span>
     <span class='ocr_line' id='line_1_12' title="bbox 93 1718 1054 1809; baseline -0.005 -23"><span class='ocrx_word' id='word_1_73' title='bbox 93 1733 209 1809; x_wconf 92' lang='lat' dir='ltr'><strong>postea</strong></span> <span class='ocrx_word' id='word_1_74' title='bbox 245 1719 382 1784; x_wconf 79' lang='lat' dir='ltr'><strong>Leukius</strong></span> <span class='ocrx_word' id='word_1_75' title='bbox 428 1718 469 1783; x_wconf 96' lang='lat' dir='ltr'><strong>de</strong></span> <span class='ocrx_word' id='word_1_76' title='bbox 512 1720 621 1784; x_wconf 87' lang='lat' dir='ltr'><strong>harum</strong></span> <span class='ocrx_word' id='word_1_77' title='bbox 662 1720 827 1804; x_wconf 87' lang='lat' dir='ltr'><strong>regionmn</strong></span> <span class='ocrx_word' id='word_1_78' title='bbox 864 1718 1054 1804; x_wconf 75' lang='lat' dir='ltr'><strong>geographia</strong></span> 
     </span>
     <span class='ocr_line' id='line_1_13' title="bbox 94 1828 1053 1917; baseline -0.003 -20"><span class='ocrx_word' id='word_1_79' title='bbox 94 1836 215 1916; x_wconf 90' lang='lat' dir='ltr'><strong>optime</strong></span> <span class='ocrx_word' id='word_1_80' title='bbox 236 1836 364 1896; x_wconf 88' lang='lat' dir='ltr'><strong>meritus</strong></span> <span class='ocrx_word' id='word_1_81' title='bbox 388 1842 450 1909; x_wconf 88' lang='lat' dir='ltr'><strong>est,</strong></span> <span class='ocrx_word' id='word_1_82' title='bbox 479 1831 568 1917; x_wconf 89' lang='lat' dir='ltr'><strong>quod</strong></span> <span class='ocrx_word' id='word_1_83' title='bbox 590 1834 623 1895; x_wconf 91' lang='lat' dir='ltr'><strong>in</strong></span> <span class='ocrx_word' id='word_1_84' title='bbox 646 1829 713 1894; x_wconf 92' lang='lat' dir='ltr'><strong>Nili</strong></span> <span class='ocrx_word' id='word_1_85' title='bbox 735 1828 844 1895; x_wconf 88' lang='lat' dir='ltr'><strong>tabula</strong></span> <span class='ocrx_word' id='word_1_86' title='bbox 866 1829 1053 1895; x_wconf 87' lang='lat' dir='ltr'><strong>stationibus</strong></span> 
     </span>
     <span class='ocr_line' id='line_1_14' title="bbox 93 1941 1053 2029; baseline 0 -23"><span class='ocrx_word' id='word_1_87' title='bbox 93 1945 248 2007; x_wconf 84' lang='lat' dir='ltr'><strong>Romanis</strong></span> <span class='ocrx_word' id='word_1_88' title='bbox 277 1941 349 2006; x_wconf 85' lang='lat' dir='ltr'><strong>loca</strong></span> <span class='ocrx_word' id='word_1_89' title='bbox 378 1946 553 2029; x_wconf 81' lang='lat' dir='ltr'><strong>assignavit.</strong></span> <span class='ocrx_word' id='word_1_90' title='bbox 600 1943 722 2029; x_wconf 81' lang='lat' dir='ltr'><strong>¹Usque</strong></span> <span class='ocrx_word' id='word_1_91' title='bbox 752 1942 792 2007; x_wconf 93' lang='lat' dir='ltr'><strong>ad</strong></span> <span class='ocrx_word' id='word_1_92' title='bbox 821 1944 1053 2028; x_wconf 80' lang='lat' dir='ltr'><strong>Hierosycemi·</strong></span> 
     </span>
     <span class='ocr_line' id='line_1_15' title="bbox 93 2054 1052 2143; baseline -0.001 -22"><span class='ocrx_word' id='word_1_93' title='bbox 93 2077 163 2121; x_wconf 92' lang='lat' dir='ltr'><strong>non</strong></span> <span class='ocrx_word' id='word_1_94' title='bbox 186 2056 308 2140; x_wconf 85' lang='lat' dir='ltr'><strong>egregie</strong></span> <span class='ocrx_word' id='word_1_95' title='bbox 329 2059 458 2120; x_wconf 89' lang='lat' dir='ltr'><strong>nomina</strong></span> <span class='ocrx_word' id='word_1_96' title='bbox 481 2060 667 2143; x_wconf 90' lang='lat' dir='ltr'><strong>apposuisse</strong></span> <span class='ocrx_word' id='word_1_97' title='bbox 688 2054 784 2121; x_wconf 91' lang='lat' dir='ltr'><strong>nohis</strong></span> <span class='ocrx_word' id='word_1_98' title='bbox 807 2054 946 2133; x_wconf 90' lang='lat' dir='ltr'><strong>videtur,</strong></span> <span class='ocrx_word' id='word_1_99' title='bbox 969 2055 1052 2120; x_wconf 86' lang='lat' dir='ltr'><strong>ultra</strong></span> 
     </span>
     <span class='ocr_line' id='line_1_16' title="bbox 95 2167 1052 2234; baseline 0 -2"><span class='ocrx_word' id='word_1_100' title='bbox 95 2179 200 2232; x_wconf 89' lang='lat' dir='ltr'><strong>autem</strong></span> <span class='ocrx_word' id='word_1_101' title='bbox 228 2167 322 2232; x_wconf 90' lang='lat' dir='ltr'><strong>Plinii</strong></span> <span class='ocrx_word' id='word_1_102' title='bbox 350 2189 474 2233; x_wconf 88' lang='lat' dir='ltr'><strong>errores</strong></span> <span class='ocrx_word' id='word_1_103' title='bbox 503 2180 630 2234; x_wconf 90' lang='lat' dir='ltr'><strong>secutus</strong></span> <span class='ocrx_word' id='word_1_104' title='bbox 658 2167 782 2232; x_wconf 92' lang='lat' dir='ltr'><strong>urbium</strong></span> <span class='ocrx_word' id='word_1_105' title='bbox 807 2167 974 2233; x_wconf 88' lang='lat' dir='ltr'><strong>intervalla</strong></span> <span class='ocrx_word' id='word_1_106' title='bbox 1005 2171 1052 2232; x_wconf 91' lang='lat' dir='ltr'><strong>ni-</strong></span> 
     </span>
     <span class='ocr_line' id='line_1_17' title="bbox 93 2280 1051 2367; baseline 0 -23"><span class='ocrx_word' id='word_1_107' title='bbox 93 2284 152 2345; x_wconf 88' lang='lat' dir='ltr'><strong>mis</strong></span> <span class='ocrx_word' id='word_1_108' title='bbox 182 2280 320 2344; x_wconf 84' lang='lat' dir='ltr'><strong>extendit</strong></span> <span class='ocrx_word' id='word_1_109' title='bbox 343 2293 381 2346; x_wconf 88' lang='lat' dir='ltr'><strong>et</strong></span> <span class='ocrx_word' id='word_1_110' title='bbox 413 2282 584 2367; x_wconf 87' lang='lat' dir='ltr'><strong>Napatam‚</strong></span> <span class='ocrx_word' id='word_1_111' title='bbox 614 2280 773 2348; x_wconf 87' lang='lat' dir='ltr'><strong>Candacis</strong></span> <span class='ocrx_word' id='word_1_112' title='bbox 801 2283 933 2366; x_wconf 83' lang='lat' dir='ltr'><strong>regiam,</strong></span> <span class='ocrx_word' id='word_1_113' title='bbox 968 2283 1051 2345; x_wconf 86' lang='lat' dir='ltr'><strong>inter</strong></span> 
     </span>
     <span class='ocr_line' id='line_1_18' title="bbox 94 2391 1050 2479; baseline 0.001 -23"><span class='ocrx_word' id='word_1_114' title='bbox 94 2392 250 2457; x_wconf 87' lang='lat' dir='ltr'><strong>decimum</strong></span> <span class='ocrx_word' id='word_1_115' title='bbox 283 2414 403 2456; x_wconf 92' lang='lat' dir='ltr'><strong>nonum</strong></span> <span class='ocrx_word' id='word_1_116' title='bbox 440 2404 471 2457; x_wconf 92' lang='lat' dir='ltr'><strong>et</strong></span> <span class='ocrx_word' id='word_1_117' title='bbox 499 2397 680 2479; x_wconf 87' lang='lat' dir='ltr'><strong>vigesimum</strong></span> <span class='ocrx_word' id='word_1_118' title='bbox 709 2391 881 2458; x_wconf 90' lang='lat' dir='ltr'><strong>latitudinis</strong></span> <span class='ocrx_word' id='word_1_119' title='bbox 909 2391 1050 2458; x_wconf 89' lang='lat' dir='ltr'><strong>borealis</strong></span> 
     </span>
    </p>
   </div>
   <div class='ocr_carea' id='block_1_3' title="bbox 94 2505 1059 3052">
    <p class='ocr_par' dir='ltr' id='par_1_4' title="bbox 94 2505 1059 3052">
     <span class='ocr_line' id='line_1_19' title="bbox 94 2505 1051 2593; baseline 0.001 -24"><span class='ocrx_word' id='word_1_120' title='bbox 94 2505 224 2592; x_wconf 87' lang='lat' dir='ltr'><strong>gradum</strong></span> <span class='ocrx_word' id='word_1_121' title='bbox 246 2508 367 2591; x_wconf 89' lang='lat' dir='ltr'><strong>posuit,</strong></span> <span class='ocrx_word' id='word_1_122' title='bbox 397 2527 564 2593; x_wconf 89' lang='lat' dir='ltr'><strong>quousque</strong></span> <span class='ocrx_word' id='word_1_123' title='bbox 587 2507 770 2570; x_wconf 91' lang='lat' dir='ltr'><strong>Petronium</strong></span> <span class='ocrx_word' id='word_1_124' title='bbox 795 2509 989 2592; x_wconf 87' lang='lat' dir='ltr'><strong>processisse</strong></span> <span class='ocrx_word' id='word_1_125' title='bbox 1013 2527 1051 2570; x_wconf 86' lang='lat' dir='ltr'><strong>ex</strong></span> 
     </span>
     <span class='ocr_line' id='line_1_20' title="bbox 94 2616 1051 2706; baseline -0.001 -24"><span class='ocrx_word' id='word_1_126' title='bbox 94 2629 259 2682; x_wconf 89' lang='lat' dir='ltr'><strong>auctorum</strong></span> <span class='ocrx_word' id='word_1_127' title='bbox 280 2616 513 2682; x_wconf 90' lang='lat' dir='ltr'><strong>narrationibus</strong></span> <span class='ocrx_word' id='word_1_128' title='bbox 537 2630 568 2684; x_wconf 90' lang='lat' dir='ltr'><strong>et</strong></span> <span class='ocrx_word' id='word_1_129' title='bbox 590 2630 742 2683; x_wconf 85' lang='lat' dir='ltr'><strong>terrarum</strong></span> <span class='ocrx_word' id='word_1_130' title='bbox 764 2622 908 2684; x_wconf 86' lang='lat' dir='ltr'><strong>vastitate</strong></span> <span class='ocrx_word' id='word_1_131' title='bbox 930 2621 1051 2706; x_wconf 90' lang='lat' dir='ltr'><strong>perspi-</strong></span> 
     </span>
     <span class='ocr_line' id='line_1_21' title="bbox 95 2728 1052 2817; baseline 0.001 -22"><span class='ocrx_word' id='word_1_132' title='bbox 95 2734 183 2795; x_wconf 84' lang='lat' dir='ltr'><strong>citur.</strong></span> <span class='ocrx_word' id='word_1_133' title='bbox 221 2728 390 2794; x_wconf 86' lang='lat' dir='ltr'><strong>Eduardus</strong></span> <span class='ocrx_word' id='word_1_134' title='bbox 409 2729 558 2796; x_wconf 89' lang='lat' dir='ltr'><strong>Caillaud</strong></span> <span class='ocrx_word' id='word_1_135' title='bbox 573 2729 608 2811; x_wconf 80' lang='lat'><strong>*)</strong></span> <span class='ocrx_word' id='word_1_136' title='bbox 631 2731 698 2795; x_wconf 93' lang='lat' dir='ltr'><strong>Nili</strong></span> <span class='ocrx_word' id='word_1_137' title='bbox 722 2751 847 2794; x_wconf 87' lang='lat' dir='ltr'><strong>cursum</strong></span> <span class='ocrx_word' id='word_1_138' title='bbox 869 2753 967 2817; x_wconf 89' lang='lat' dir='ltr'><strong>supra</strong></span> <span class='ocrx_word' id='word_1_139' title='bbox 979 2731 1052 2796; x_wconf 90' lang='lat' dir='ltr'><strong>Phi·</strong></span> 
     </span>
     <span class='ocr_line' id='line_1_22' title="bbox 94 2841 1059 2942; baseline 0 -36"><span class='ocrx_word' id='word_1_140' title='bbox 94 2841 141 2907; x_wconf 92' lang='lat' dir='ltr'><strong>las</strong></span> <span class='ocrx_word' id='word_1_141' title='bbox 166 2841 332 2928; x_wconf 88' lang='lat' dir='ltr'><strong>diligenter</strong></span> <span class='ocrx_word' id='word_1_142' title='bbox 354 2841 520 2942; x_wconf 78' lang='lat' dir='ltr'><strong>descripsit</strong></span> <span class='ocrx_word' id='word_1_143' title='bbox 543 2854 575 2907; x_wconf 90' lang='lat' dir='ltr'><strong>et</strong></span> <span class='ocrx_word' id='word_1_144' title='bbox 597 2841 749 2907; x_wconf 87' lang='lat' dir='ltr'><strong>Leakium</strong></span> <span class='ocrx_word' id='word_1_145' title='bbox 772 2855 899 2908; x_wconf 82' lang='lat' dir='ltr'><strong>secutus</strong></span> <span class='ocrx_word' id='word_1_146' title='bbox 922 2845 1059 2909; x_wconf 83' lang='lat' dir='ltr'><strong>nomina</strong></span> 
     </span>
     <span class='ocr_line' id='line_1_23' title="bbox 94 2952 1051 3052; baseline -0.001 -32"><span class='ocrx_word' id='word_1_147' title='bbox 94 2957 223 3042; x_wconf 87' lang='lat' dir='ltr'><strong>antiqua</strong></span> <span class='ocrx_word' id='word_1_148' title='bbox 246 2977 347 3042; x_wconf 92' lang='lat' dir='ltr'><strong>usque</strong></span> <span class='ocrx_word' id='word_1_149' title='bbox 370 2954 411 3019; x_wconf 93' lang='lat' dir='ltr'><strong>ad</strong></span> <span class='ocrx_word' id='word_1_150' title='bbox 433 2957 720 3052; x_wconf 86' lang='lat' dir='ltr'><strong>Hierosycaminon</strong></span> <span class='ocrx_word' id='word_1_151' title='bbox 743 2952 872 3041; x_wconf 79' lang='lat' dir='ltr'><strong>adjecit,</strong></span> <span class='ocrx_word' id='word_1_152' title='bbox 894 2955 1051 3040; x_wconf 83' lang='lat' dir='ltr'><strong>Napatam</strong></span> 
     </span>
    </p>
   </div>
   <div class='ocr_carea' id='block_1_4' title="bbox 92 3066 1253 3711">
    <p class='ocr_par' dir='ltr' id='par_1_5' title="bbox 95 3066 1052 3376">
     <span class='ocr_line' id='line_1_24' title="bbox 95 3066 1052 3154; baseline 0 -22"><span class='ocrx_word' id='word_1_153' title='bbox 95 3079 212 3148; x_wconf 88' lang='lat' dir='ltr'><strong>autem,</strong></span> <span class='ocrx_word' id='word_1_154' title='bbox 241 3069 353 3154; x_wconf 88' lang='lat' dir='ltr'><strong>majori</strong></span> <span class='ocrx_word' id='word_1_155' title='bbox 382 3070 474 3132; x_wconf 85' lang='lat' dir='ltr'><strong>etiam</strong></span> <span class='ocrx_word' id='word_1_156' title='bbox 503 3071 605 3153; x_wconf 91' lang='lat' dir='ltr'><strong>spatio</strong></span> <span class='ocrx_word' id='word_1_157' title='bbox 636 3067 835 3150; x_wconf 84' lang='lat' dir='ltr'><strong>disjunctam,</strong></span> <span class='ocrx_word' id='word_1_158' title='bbox 863 3071 946 3132; x_wconf 89' lang='lat' dir='ltr'><strong>inter</strong></span> <span class='ocrx_word' id='word_1_159' title='bbox 969 3066 1052 3134; x_wconf 88' lang='lat' dir='ltr'><strong>deci-</strong></span> 
     </span>
     <span class='ocr_line' id='line_1_25' title="bbox 95 3179 1052 3250; baseline 0.004 -10"><span class='ocrx_word' id='word_1_160' title='bbox 95 3199 181 3240; x_wconf 89' lang='lat' dir='ltr'><strong>mum</strong></span> <span class='ocrx_word' id='word_1_161' title='bbox 202 3192 403 3246; x_wconf 69' lang='lat' dir='ltr'><strong>octavum1et</strong></span> <span class='ocrx_word' id='word_1_162' title='bbox 425 3179 579 3244; x_wconf 88' lang='lat' dir='ltr'><strong>decimum</strong></span> <span class='ocrx_word' id='word_1_163' title='bbox 602 3201 721 3244; x_wconf 91' lang='lat' dir='ltr'><strong>nonum</strong></span> <span class='ocrx_word' id='word_1_164' title='bbox 744 3180 915 3246; x_wconf 84' lang='lat' dir='ltr'><strong>latitudinis</strong></span> <span class='ocrx_word' id='word_1_165' title='bbox 937 3180 1052 3250; x_wconf 87' lang='lat' dir='ltr'><strong>horea-</strong></span> 
     </span>
     <span class='ocr_line' id='line_1_26' title="bbox 97 3287 555 3376; baseline 0.013 -25"><span class='ocrx_word' id='word_1_166' title='bbox 97 3287 137 3352; x_wconf 92' lang='lat' dir='ltr'><strong>lis</strong></span> <span class='ocrx_word' id='word_1_167' title='bbox 160 3293 287 3376; x_wconf 83' lang='lat' dir='ltr'><strong>gradum</strong></span> <span class='ocrx_word' id='word_1_168' title='bbox 310 3293 489 3358; x_wconf 87' lang='lat' dir='ltr'><strong>collocavit.</strong></span> <span class='ocrx_word' id='word_1_169' title='bbox 515 3332 555 3342; x_wconf 95' lang='lat'>—</span> 
     </span>
    </p>

    <p class='ocr_par' dir='ltr' id='par_1_6' title="bbox 92 3403 1253 3711">
     <span class='ocr_line' id='line_1_27' title="bbox 162 3403 1253 3489; baseline 0.005 -22"><span class='ocrx_word' id='word_1_170' title='bbox 162 3403 307 3489; x_wconf 86' lang='lat' dir='ltr'><strong>Sequens</strong></span> <span class='ocrx_word' id='word_1_171' title='bbox 336 3405 480 3470; x_wconf 89' lang='lat' dir='ltr'><strong>locorum</strong></span> <span class='ocrx_word' id='word_1_172' title='bbox 504 3404 682 3471; x_wconf 86' lang='lat' dir='ltr'><strong>distributio</strong></span> <span class='ocrx_word' id='word_1_173' title='bbox 705 3405 878 3470; x_wconf 89' lang='lat' dir='ltr'><strong>secundum</strong></span> <span class='ocrx_word' id='word_1_174' title='bbox 899 3407 1053 3471; x_wconf 78' lang='lat' dir='ltr'><strong>Antonini</strong></span> <span class='ocrx_word' id='word_1_175' title='bbox 1074 3421 1253 3476; x_wconf 72' lang='lat' dir='ltr'><strong>itinerarium</strong></span> 
     </span>
     <span class='ocr_line' id='line_1_28' title="bbox 94 3490 1234 3596; baseline 0.004 -18"><span class='ocrx_word' id='word_1_176' title='bbox 94 3516 288 3578; x_wconf 86' lang='lat' dir='ltr'><strong>itinerarium</strong></span> <span class='ocrx_word' id='word_1_177' title='bbox 310 3513 366 3596; x_wconf 50' lang='grc' dir='ltr'><strong>ἢ)</strong></span> <span class='ocrx_word' id='word_1_178' title='bbox 395 3516 478 3581; x_wconf 92' lang='lat' dir='ltr'><strong>hene</strong></span> <span class='ocrx_word' id='word_1_179' title='bbox 502 3539 571 3580; x_wconf 89' lang='lat' dir='ltr'><strong>cum</strong></span> <span class='ocrx_word' id='word_1_180' title='bbox 597 3528 872 3583; x_wconf 87' lang='lat' dir='ltr'><strong>monumentorum</strong></span> <span class='ocrx_word' id='word_1_181' title='bbox 894 3521 956 3582; x_wconf 90' lang='lat' dir='ltr'><strong>situ</strong></span> <span class='ocrx_word' id='word_1_182' title='bbox 978 3539 1053 3582; x_wconf 89' lang='lat' dir='ltr'><strong>con-</strong></span> <span class='ocrx_word' id='word_1_183' title='bbox 1094 3490 1234 3545; x_wconf 49' lang='lat' dir='ltr'><strong>mmm*</strong></span> 
     </span>
     <span class='ocr_line' id='line_1_29' title="bbox 92 3629 188 3711; baseline -0.021 -20"><span class='ocrx_word' id='word_1_184' title='bbox 92 3629 188 3711; x_wconf 76' lang='lat' dir='ltr'><strong>gmit:</strong></span> 
     </span>
    </p>
   </div>
   <div class='ocr_carea' id='block_1_5' title="bbox 92 3785 298 3800">
    <p class='ocr_par' dir='ltr' id='par_1_7' title="bbox 92 3785 298 3800">
     <span class='ocr_line' id='line_1_30' title="bbox 92 3785 298 3800; baseline 0.005 -4"><span class='ocrx_word' id='word_1_185' title='bbox 92 3785 298 3800; x_wconf 69' lang='lat'>——-——</span> 
     </span>
    </p>
   </div>
   <div class='ocr_carea' id='block_1_6' title="bbox 130 3888 828 4056">
    <p class='ocr_par' dir='ltr' id='par_1_8' title="bbox 130 3888 828 4056">
     <span class='ocr_line' id='line_1_31' title="bbox 131 3888 828 3970; baseline 0.003 -26"><span class='ocrx_word' id='word_1_186' title='bbox 131 3889 158 3957; x_wconf 60' lang='grc' dir='ltr'>Ἴ</span> <span class='ocrx_word' id='word_1_187' title='bbox 178 3888 285 3965; x_wconf 81' lang='lat' dir='ltr'><strong>Voyage</strong></span> <span class='ocrx_word' id='word_1_188' title='bbox 304 3911 336 3954; x_wconf 78' lang='lat' dir='ltr'><strong>au</strong></span> <span class='ocrx_word' id='word_1_189' title='bbox 354 3891 439 3957; x_wconf 78' lang='lat' dir='ltr'><strong>lleuve</strong></span> <span class='ocrx_word' id='word_1_190' title='bbox 457 3892 540 3947; x_wconf 87' lang='lat' dir='ltr'><strong>blane.</strong></span> <span class='ocrx_word' id='word_1_191' title='bbox 561 3891 591 3948; x_wconf 86' lang='lat' dir='ltr'><strong>ll.</strong></span> <span class='ocrx_word' id='word_1_192' title='bbox 610 3891 644 3970; x_wconf 88' lang='lat' dir='ltr'><strong>pl.</strong></span> <span class='ocrx_word' id='word_1_193' title='bbox 666 3889 752 3948; x_wconf 82' lang='lat' dir='ltr'><strong>XLlV</strong></span> <span class='ocrx_word' id='word_1_194' title='bbox 770 3913 828 3968; x_wconf 80' lang='lat' dir='ltr'><strong>sqq.</strong></span> 
     </span>
     <span class='ocr_line' id='line_1_32' title="bbox 130 3975 569 4056; baseline 0.007 -25"><span class='ocrx_word' id='word_1_195' title='bbox 130 3975 173 4044; x_wconf 63' lang='lat'><strong>⁸)</strong></span> <span class='ocrx_word' id='word_1_196' title='bbox 193 3975 233 4032; x_wconf 81' lang='lat' dir='ltr'><strong>ed.</strong></span> <span class='ocrx_word' id='word_1_197' title='bbox 247 3975 413 4056; x_wconf 69' lang='lat' dir='ltr'><strong>wesseling.</strong></span> <span class='ocrx_word' id='word_1_198' title='bbox 430 3998 488 4053; x_wconf 82' lang='lat' dir='ltr'><strong>pag.</strong></span> <span class='ocrx_word' id='word_1_199' title='bbox 508 3982 569 4034; x_wconf 75' lang='lat' dir='ltr'><strong>lot.</strong></span> 
     </span>
    </p>
   </div>
   <div class='ocr_carea' id='block_1_7' title="bbox 0 0 1504 4908">
    <p class='ocr_par' dir='ltr' id='par_1_9' title="bbox 0 0 1504 4908">
     <span class='ocr_line' id='line_1_33' title="bbox 0 0 1504 4908; baseline 0 0"><span class='ocrx_word' id='word_1_200' title='bbox 0 0 1504 4908; x_wconf 95' lang='lat' dir='ltr'><strong> </strong></span> 
     </span>
    </p>
   </div>
  </div>
 </body>
</html>
