3000 4908
287 715 362 773 Ριιι
380 711 413 770 u.
462 699 572 768 ridiem
594 721 704 765 versus
727 709 847 778 tractat,
871 708 1016 764 accurate
1038 695 1174 777 collatis,
1198 713 1338 788 apparet
1361 723 1424 766 eum

463 814 707 900 Elephantinen,
730 833 824 897 quarn
845 813 914 897 ipse
936 813 1073 876 visitavit
1098 811 1156 894 (ll,
1180 813 1271 894 29.),
1296 825 1330 880 et
1353 825 1425 879 cata

464 938 581 992 nactam
601 926 751 989 terminos
766 921 922 989 habuisse.
962 923 1028 989 Ubi
1042 925 1183 1011 Aegypti
1198 924 1419 1012 longitudinem

464 1037 582 1104 indicat
596 1035 631 1118 ⁴¹)
655 1047 687 1102 et
709 1035 751 1100 de
773 1046 926 1101 terrarum
948 1033 1104 1100 divisione
1127 1035 1258 1103 disserit
1273 1037 1342 1121 **>,
1366 1061 1422 1104 ore

467 1150 572 1216 culum
612 1149 711 1214 refert
751 1145 792 1214 ab
833 1148 989 1212 Ammone
1031 1146 1149 1212 editum
1198 1150 1424 1236 quaerentibus

466 1264 599 1329 Mareae
628 1271 660 1328 et
686 1259 798 1347 Apidis
830 1259 958 1338 incolis„
991 1269 1096 1326 utrum
1125 1261 1284 1350 Aegyptii
1320 1271 1426 1339 essent

466 1393 569 1442 necne
584 1369 679 1455 Q?
693 1369 817 1442 —-,ubi
837 1361 915 1436 Nili'
927 1393 1051 1436 cursum
1074 1371 1227 1439 describit
1242 1377 1291 1461 pl),
1315 1373 1427 1462 ubique

467 1496 622 1553 memorat
643 1485 887 1572 Elephantinen.
939 1485 1012 1549 Jam
1034 1494 1137 1550 autent
1165 1490 1252 1572 regis
1276 1488 1427 1554 Psamme-

469 1602 544 1666 tichi
557 1611 701 1683 tempore
717 1598 950 1684 Aegyptiorum
963 1595 1155 1685 praesidium
1171 1610 1289 1666 eontra
1304 1600 1427 1688 Aethin-

468 1734 527 1801 pes
557 1715 591 1776 in
611 1709 824 1797 Elephantine
847 1708 1039 1776 collocatum
1061 1709 1157 1776 hrisse
1179 1710 1308 1778 Noster
1331 1710 1426 1778 decla-

468 1834 519 1888 rat
540 1825 580 1901 ll,
602 1824 665 1902 30„
686 1821 817 1888 rnilitum
840 1822 1051 1888 defectionem
1074 1845 1092 1887 a
1113 1845 1189 1909 rege
1211 1823 1273 1890 illo
1289 1843 1425 1893 narrans:

470 1936 524 2002 ὲιιὶ
552 1933 772 2020 Ψαμμητίχου
800 1935 957 2019 βασιλέος
975 1935 1134 2024 ἱφυλακαὶ
1160 1939 1376 2016 κατέστησαν
1398 1933 1427 1996 ln

470 2069 506 2112 τε
534 2042 749 2137 Ἐλεφαντίνῃ
784 2041 863 2112 ιιόλι
889 2039 973 2135 πρὸς
1000 2041 1184 2112 Αἰθιόπων
1211 2049 1272 2114 καὶ
1301 2040 1370 2136 γὰρ
1394 2049 1427 2136 1ὲν

468 2155 683 2248 Ἐλεφαντίνῃ
712 2159 846 2245 Πέρσαι
880 2161 1080 2249 φρουρέουσι
1113 2193 1158 2208 -
1191 2181 1296 2246 quae
1335 2157 1427 2226 anti-

473 2271 662 2358 quissima
696 2269 815 2336 nobis
851 2283 960 2338 certa
992 2273 1141 2336 notitia
1176 2269 1223 2336 de
1251 2268 1427 2360 Aegypti

473 2380 626 2448 linibus
648 2381 879 2448 meridianis
904 2403 973 2448 esee
995 2381 1129 2448 videtur.
1240 2429 1243 2436 »
1322 2431 1326 2438 -

418 2530 422 2540 ,
539 2494 574 2560 Si
597 2495 666 2580 quis
688 2497 721 2559 in
744 2517 784 2560 en
806 2494 938 2560 haerere
952 2494 1038 2572 velit,
1059 2495 1296 2588 Elephantinen
1312 2495 1355 2562 ah
1369 2494 1427 2560 He

472 2604 591 2675 rodnto
614 2627 768 2692 nusquam
789 2605 936 2687 insulam,
964 2629 1090 2694 semper
1110 2606 1222 2673 urbem
1238 2610 1299 2694 ἦ)
1323 2603 1426 2696 appel-

473 2718 545 2798 lari,
573 2718 655 2782 hanc
685 2717 810 2794 dicendi
834 2723 990 2786 rationem
1020 2731 1053 2786 et
1074 2720 1151 2786 alias
1174 2742 1347 2787 occurrere
1369 2737 1425 2782 me

473 2833 604 2910 minent,
627 2828 682 2894 ubi
703 2829 825 2898 insulae
842 2841 873 2897 et
888 2831 974 2898 urhis
989 2835 1117 2900 nomina
1133 2844 1314 2920 congrurmt
1328 2829 1415 2918 †††)·

507 3058 536 3131 ⁴l)
555 3057 587 3128 ll,
604 3059 631 3116 9.
699 3060 731 3113 τὸ
757 3061 784 3115 δὲ
810 3053 866 3114 ἀπὸ
892 3061 996 3131 Θηβέων
1021 3065 1047 3123 ἒς
1065 3056 1258 3134 Ἐλεφαντίνην
1273 3061 1424 3132 καλεομένην

696 3143 771 3201 πόλιν
789 3145 891 3202 στάδιοι
906 3151 988 3216 χίλιοι
1005 3152 1050 3202 καλ
1067 3144 1289 3222 ὄιεταιιόσιοίίεσι.

507 3231 552 3304 “)
568 3229 603 3301 ll,
621 3234 663 3290 17.
694 3238 719 3288 ελ
745 3236 773 3287 dl
795 3232 831 3302 τῷ
854 3230 898 3289 ὑπ’
919 3232 1236 3320 Ἑλλήνωνμενομισμένῳ
1260 3230 1423 3306 χρησόμεθαι

695 3319 836 3392 νομιοῦμεν
853 3324 992 3390 Αἴγυπτον
1010 3321 1109 3384 πᾶσαν,
1133 3318 1275 3393 ἀρξαμένην
1292 3316 1349 3373 ἀπὸ
1369 3317 1424 3371 Κα-

697 3403 839 3461 vatatam
855 3427 885 3462 τε
904 3409 955 3458 καὶ·
964 3403 1144 3477 Ἐλεφαντίνης
1162 3403 1262 3470 πόλιος,
1278 3408 1344 3474 δίχα
1362 3405 1420 3458 διον

695 3497 814 3565 ρέεσθαι.
909 3507 912 3510 “
1311 3549 1313 3552 .

507 3576 567 3648 m)
585 3575 618 3647 ll,
636 3578 679 3634 18.
691 3583 859 3650 Λὶμνττίονς
882 3583 948 3632 εἶναι
969 3574 1098 3644 τούτους,
1121 3583 1148 3630 ol
1166 3581 1257 3647 ἔνερθε
1274 3571 1430 3636 Ἐλεφαντί-

696 3662 854 3735 νης·τιόλιος
876 3654 1004 3724 οἰκέοντες
1025 3659 1081 3717 dud
1103 3660 1154 3715 τοῦ
1176 3657 1300 3730 τιοταμοῦ
1325 3647 1430 3704 τούτου

696 3755 809 3805 τίνουσι

506 3831 545 3904 †)'
556 3832 590 3900 ll,
605 3835 650 3889 29.
697 3841 811 3889 οἰκέουσι
829 3837 857 3889 nt
874 3831 929 3888 ἀπὸ
942 3829 1126 3907 Ἐλεφαντίνης
1137 3827 1190 3886 niver
1200 3832 1340 3888 Αἰθίοπες
1358 3821 1416 3897 ἤδη.

505 3916 558 3990 ††)
576 3915 609 3985 ll,
627 3921 651 3974 9.
673 3921 713 3974 17.
732 3921 776 3974 ld.
793 3920 831 3974 29
849 3918 933 3989 (bie).
950 3921 993 3974 30.
1012 3919 1056 3974 69.
1074 3919 1127 3973 175
1145 3915 1229 3986 (his).
1248 3911 1292 3982 ΠΙ,
1311 3914 1355 3969 19.

505 4001 576 4076 ††l·)
594 4001 629 4059 de
639 4001 813 4081 Elephantine
830 4003 896 4061 urhe
907 4014 936 4061 et
945 4002 1029 4061 insula
1046 4001 1078 4061 τί.
1090 4001 1147 4061 dnn.
1161 4001 1194 4060 B.
1205 3999 1265 4060 tud
1277 3998 1324 4071 IV,
1344 4002 1387 4069 1⁰,
1399 3999 1421 4052 5·
1460 4043 1461 4087 p

541 4089 643 4150 Arrian.
661 4089 696 4148 de
714 4089 808 4170 exped
825 4089 900 4152 Alex.
917 4089 964 4161 tlt,
982 4092 1043 4149 158.
