3026 4920
302 619 378 678 Pau
396 619 417 678 1.
474 627 537 693 que
559 593 624 690 quo
646 611 789 686 tempore
809 596 925 662 nouae
947 605 1027 662 suut.
1071 593 1176 662 Nobis
1199 593 1325 682 quidem
1346 595 1444 662 baec

474 718 544 785 sola
565 717 644 780 ratio
673 709 804 786 sufficit,
831 720 866 774 ut
888 712 981 794 signia
1003 708 1249 796 hieroglypbicis
1270 712 1442 796 antiquio-

475 851 541 896 rem
562 833 705 900 aetatem,
728 843 820 906 quam
842 819 1097 907 inscriptionibus
1119 820 1299 886 tribuamus.

543 938 694 1004 Cetenrm
726 953 794 999 non
828 932 1136 1019 praetermittendum
1171 945 1232 1012 ert,
1267 933 1437 1000 insolitam
1497 979 1498 1016 p

474 1051 560 1118 illam
590 1047 760 1132 'imaginum
798 1045 1053 1110 circumlitionem
1090 1048 1122 1110 in
1165 1043 1236 1110 sola
1274 1047 1455 1132 Aegypto.

475 1171 608 1250 propter
627 1162 798 1224 rarissimas
819 1157 941 1243 pluvias
965 1156 1106 1250 adhiberi
1127 1179 1233 1243 posse,
1254 1169 1290 1224 ut
1310 1161 1437 1224 nemini

475 1277 585 1342 mirum
606 1269 762 1350 videatur,
787 1271 948 1334 maximam
969 1271 1230 1355 peregrinantium
1251 1281 1373 1358 partem
1399 1282 1436 1336 et

476 1391 574 1474 ipsam
597 1382 761 1470 deceptam
783 1403 867 1460 erse,
897 1381 1092 1466 aliorumque
1116 1384 1297 1468 opinionem
1319 1382 1435 1448 obtur-

476 1497 580 1564 basse.
616 1494 680 1560 Alii
700 1496 834 1558 fortasse
857 1496 1016 1580 contingat
1028 1505 1230 1560 monumenta
1244 1499 1433 1582 aegyptiaca

479 1607 657 1696 diligentius
678 1607 893 1692 perscrutanti,
915 1617 951 1669 ut
971 1607 1206 1691 mseriptionem
1229 1619 1261 1672 et
1281 1610 1315 1672 in
1336 1629 1431 1674 muro

375 1755 379 1764 ·
479 1733 511 1786 et
532 1724 565 1786 in
587 1717 749 1784 lithooolla
772 1715 937 1782 exhibitam
958 1719 1104 1802 reperiet.

545 1834 584 1896 lie
612 1832 717 1916 igitur,
748 1849 829 1913 quae
857 1828 954 1893 modo
984 1828 1155 1908 attulimus,
1184 1840 1327 1896 accurate
1349 1829 1432 1896 mul-

478 1957 607 2028 tumque
634 1943 814 2028 perpensis,
843 1939 884 2006 ad
911 1944 1113 2008 remotiorem
1141 1941 1266 2027 quidem
1294 1925 1432 2008 aetatem

478 2055 636 2120 Philarum
658 2052 775 2136 templa
796 2054 987 2130 retrahimus,
1010 2053 1067 2118 sed
1081 2053 1170 2119 nullo
1185 2065 1280 2142 paeto
1296 2054 1336 2119 de
1353 2065 1432 2120 tem-
1500 2059 1501 2070 ¹

479 2187 567 2254 pore,
591 2187 655 2251 quo
679 2174 834 2228 exstructa
856 2168 925 2244 sint,
949 2176 1064 2230 certam
1085 2169 1269 2231 sententiam
1283 2167 1431 2251 proferre

480 2276 639 2366 eudemup.
690 2276 764 2362 Qua
793 2276 833 2340 de
859 2299 895 2341 re
916 2297 976 2342 nos
1000 2288 1061 2343 tem
1083 2277 1138 2341 diu
1157 2281 1190 2341 in
1212 2277 1357 2365 ambiguo
1378 2302 1431 2345 re-

479 2410 642 2456 mansuros
672 2410 741 2454 esse
769 2401 928 2474 putamus,
963 2411 1056 2476 quam
1084 2393 1242 2475 signorum
1270 2391 1432 2477 hierogly-

479 2503 643 2589 pbicorum
671 2499 837 2587 explicatio
865 2523 932 2566 non
958 2500 1000 2567 ad
1028 2502 1185 2578 altiorem,
1213 2523 1305 2588 quam
1334 2527 1432 2590 quem
1502 2533 1503 2552 ¹

479 2634 564 2680 nuuc
585 2622 672 2678 tenet
692 2611 835 2697 gradun,
857 2635 1024 2700 progressa
1047 2617 1105 2679 erit
1121 2613 1167 2695 ¹⁵).

545 2727 628 2790 Ante
645 2735 807 2810 utramque
822 2726 951 2810 pylonis
968 2727 1056 2805 alam,
1073 2725 1157 2792 baud
1171 2725 1285 2812 procul
1301 2749 1319 2790 a
1334 2739 1431 2812 porta
1502 2789 1503 2794 ,

479 2840 599 2924 majore
613 2842 646 2904 in
667 2839 824 2900 ruinarum
847 2857 971 2915 acervo,
992 2823 1164 2922 fragmenta
1186 2838 1339 2923 quaedam
1363 2863 1431 2905 oer-

480 2961 604 3027 nuntur,
618 2949 754 3027 leonum,
769 2958 805 3013 ut
820 2951 975 3035 conjicias,
990 2960 1094 3037 partes
1109 2949 1270 3036 abruptae.
1307 2951 1431 3037 Lapide

481 3065 630 3149 gramtico
651 3059 748 3126 rubro
764 3063 894 3126 maxima
916 3060 1074 3147 diligentia
1089 3059 1249 3149 msompta
1270 3073 1351 3143 sunt,
1371 3085 1431 3131 uo-

482 3238 682 3261 -b-——a—

516 3367 538 3438 ’)
556 3365 586 3423 ln
595 3365 812 3446 Ephemeridibue
824 3365 922 3443 gallicie
931 3365 1041 3440 Augusti
1049 3362 1277 3422 MDCCCXXIX
1289 3363 1432 3443 Cbampol·

551 3452 605 3510 lion
614 3455 708 3522 minor,
718 3451 749 3509 de
760 3431 880 3510 notarubr
889 3449 1138 3528 hieroglyphicamm
1148 3449 1319 3534 explicatione
1330 3453 1430 3526 optime
1441 3505 1453 3530 4

550 3542 672 3607 meritus,
696 3541 859 3595 inventorum
875 3539 903 3594 iu
920 3537 1040 3614 Aegypto
1058 3537 1200 3614 specimina
1218 3537 1356 3600 exhibens,
1373 3531 1429 3586 lere

552 3628 638 3684 omnia
654 3625 785 3684 Philamm
802 3633 966 3682 monumenta
984 3621 1191 3680 Ptolemaeorum
1209 3632 1236 3677 et
1252 3621 1429 3678 Romanorum

552 3723 636 3770 aetate
654 3721 798 3768 exstructas
816 3729 875 3768 esee
892 3708 1055 3778 significavit,
1072 3707 1145 3780 eujus
1162 3709 1210 3772 rei,
1228 3727 1261 3764 ex
1278 3707 1371 3762 itinere
1388 3723 1428 3759 re·

552 3799 658 3865 ducem,
669 3791 796 3856 'firmiora
813 3815 871 3850 eum
890 3793 1024 3850 allaturum
1042 3815 1101 3852 esee
1119 3803 1266 3870 argumenta
1284 3809 1428 3870 operamus,

553 3904 629 3961 quam
647 3881 718 3958 quod
735 3881 804 3936 sola
822 3901 911 3954 regum
934 3883 1075 3967 numiam,
1095 3880 1179 3938 lilerio
1196 3883 1278 3938 sacris
1295 3897 1427 3955 expressa,

553 3971 588 4026 lbi
612 3966 755 4024 offenderit.
