3000 4908
973 395 1021 472 75

60 587 91 640 et
108 571 240 638 Osin'de
254 571 340 653 (vu,
353 573 475 658 parili.
487 571 536 638 ed.
552 572 686 655 Reiske)
700 570 794 638 libro
823 571 922 657 Quod
935 574 1021 638 enim
1068 587 1143 648 Pi„
1161 589 1192 650 ιι,

61 689 190 774 legitur:
218 676 280 764 τὴν
308 683 342 748 δὲ
371 677 455 770 πρὸς
482 678 601 760 πύλαις
622 678 812 762 νιστιτάνην
833 675 940 766 ἄλλως
960 685 1021 770 μὲν

67 793 194 882 ἄβατον
222 833 267 844 -
294 800 337 861 ita
365 799 514 882 scriptum
537 797 633 862 fuisse
656 795 770 862 credit:
797 787 860 876 τὴν
882 795 916 862 δὲ
937 790 1021 882 πρὸς

67 911 188 986 Φίλαις
215 909 337 988 νησῖδα
366 904 473 986 ἄλλως
500 909 561 994 μὲν
583 902 713 991 ἄβατον
734 908 791 974 καὶ
813 904 1020 994 &arpocratio-

62 1043 146 1088 στον
176 1015 275 1102 sirac,-
307 1022 390 1100 ,hacc
418 1020 552 1085 addens:
594 1021 684 1106 Scip,
717 1042 814 1107 posse
842 1021 916 1085 huic
946 1041 1021 1086 oon-

60 1138 204 1224 jecturae
228 1132 382 1220 quaedam
407 1131 580 1211 obmoveri,
602 1154 711 1197 veurm
733 1135 766 1196 in
788 1133 963 1219 desperatis
985 1134 1021 1199 li-

62 1260 113 1314 cet
144 1268 215 1312 csse
245 1245 418 1323 audaciori,
452 1257 484 1311 et
512 1243 623 1310 abesse
645 1266 712 1310 non
734 1255 841 1330 potest
862 1245 1021 1312 Philarum

66 1363 180 1424 mentio
211 1357 252 1423 ab
281 1380 320 1422 eo
343 1358 433 1436 loco,
463 1379 528 1443 quo
553 1356 594 1421 de
617 1356 752 1422 Osin'dis
775 1357 924 1443 sepulcro
947 1381 1021 1446 pro-

71 1471 149 1537 fessa
171 1493 270 1557 opera
294 1473 401 1555 agitur.

131 1582 232 1668 Quod
248 1582 415 1648 Diodorus
432 1581 557 1648 Siculus
574 1581 698 1647 discitis
720 1579 826 1651 verbis
842 1580 924 1660 dicit,
948 1582 1022 1649 Osi-

62 1695 142 1760 ridis
165 1694 340 1780 sepulcrmn
364 1698 396 1759 in
418 1695 520 1760 insula
543 1716 646 1780 prope
668 1693 774 1758 Philas
797 1697 939 1779 reperiri,
957 1698 1021 1783 jus-

60 1805 295 1894 jurandumque
325 1806 409 1893 apud
433 1806 592 1881 Osiridem
620 1810 653 1872 in
675 1806 773 1871 Philis
796 1810 1020 1878 sanctissimmn

61 1918 191 1997 haberi,
229 1941 297 1984 non
338 1919 398 1984 alia
432 1921 556 1984 ratione
592 1920 732 2004 expediri
765 1929 886 2004 potest,
927 1900 1020 2006 quain

60 2031 218 2098 sacellum
254 2031 402 2116 sepulcro
434 2030 581 2117 adjacens
610 2035 642 2096 in
669 2030 771 2096 insuia
802 2032 922 2117 Bageh,
958 2042 1019 2098 tam

62 2156 134 2212 arte
158 2165 227 2208 cum
249 2143 346 2217 Philia
370 2145 571 2230 conjmrctum
595 2143 706 2221 fuisse,
734 2155 769 2208 ut
791 2142 936 2210 Thebani
957 2147 1021 2231 jus-

59 2255 232 2345 jurandum
259 2279 349 2321 suum
378 2278 395 2320 a
425 2253 602 2322 celebriore
630 2255 705 2321 loco
728 2267 896 2321 sumerent.
947 2258 1021 2344 Qua

61 2373 188 2435 ratione
210 2369 329 2436 inducti
343 2369 407 2434 Dei
427 2380 664 2433 montunentom
686 2371 719 2432 in
740 2371 816 2454 ipsis
836 2370 933 2436 Philis
955 2371 1021 2437 col-

63 2483 204 2549 locatum
231 2483 328 2548 fuisse
351 2481 493 2549 referunt
515 2482 649 2545 'l‘zetzes
672 2480 734 2560 (ad
756 2482 917 2569 Lycophr.
942 2484 1021 2550 Cas

64 2595 212 2662 sandram
232 2619 263 2658 v.
286 2596 352 2659 212
376 2594 424 2660 ed.
442 2594 548 2659 Oxou.
574 2595 675 2672 1697)
698 2592 872 2660 Lesbiacos
894 2607 1020 2660 secutus

62 2708 193 2794 mythos
209 2704 260 2787 *),
288 2706 431 2771 Marinus
452 2710 485 2772 in
506 2709 570 2772 vita
589 2687 701 2769 ,Procli
726 2706 797 2787 (ed.
820 2707 1020 2774 Boissonade

64 2844 95 2907 p.
123 2820 186 2900 16)
200 2816 257 2899 u)
281 2817 397 2902 aliique
420 2821 546 2910 serioris
569 2820 639 2882 aevi
662 2821 841 2903 scriptores.

135 2931 170 2994 Si
192 2951 287 3015 supra
308 2927 442 2992 insulam
464 2929 572 3014 Bageh
594 2929 753 2995 Abaton
782 2934 861 3011 (non
884 2931 1021 3012 Abatos)

69 3053 180 3107 contra
202 3039 388 3105 Sahnasium
417 3037 478 3120 (ad
501 3040 641 3105 solinum
665 3045 688 3119 1,
717 3045 789 3108 437
812 3043 852 3126 d')
881 3031 1023 3109 nomina-

71 3157 178 3230 vimus,
202 3153 344 3217 Senecae
367 3151 388 3216 l.
412 3151 433 3216 l.
457 3163 488 3216 et
509 3153 628 3220 Lucani
650 3154 757 3220 Phars.
773 3158 810 3235 X,
832 3157 906 3235 312,
928 3160 1022 3223 vcsti-

68 3265 120 3348 gia
142 3267 319 3349 pressimus,
339 3262 394 3329 ubi
416 3263 602 3351 adjectivum
625 3260 765 3350 ἄβατος,
789 3289 828 3334 ον
849 3271 882 3334 in
904 3289 1022 3336 nomen

63 3429 269 3446 μ

101 3527 129 3598 *)
153 3535 179 3583 tv
198 3533 288 3591 Φίλαις
306 3525 361 3598 (aie
378 3526 519 3604 legendum
536 3549 586 3606 pro
605 3529 702 3594 Φῦλαις
718 3529 761 3586 vel
779 3530 898 3608 Φιγὰλῑὶ)
917 3539 944 3590 u
968 3533 1021 3590 mi-

136 3621 180 3669 λαι
196 3613 337 3685 Αἰγύπτου
359 3619 392 3674 τὸ
409 3625 533 3690 μέγιστον
549 3613 581 3690 ἦν
599 3619 650 3675 τῶν
668 3619 749 3692 ἱερῶν,
767 3616 798 3680 ὃς
816 3624 860 3673 καὶ
877 3627 956 3692 μέγας
975 3620 1021 3695 rip-

137 3726 183 3764 κος
205 3712 261 3764 τοῖς
287 3709 447 3774 Αἰγυπτίοις
471 3702 605 3773 ἐτύγχανε,
634 3707 672 3778 μὰ
695 3708 742 3760 τὸν
764 3712 790 3772 ἓν,
812 3711 903 3769 Φίλαις
920 3706 1021 3782 Ὄσιριν

138 3795 251 3858 λέγουσι.
287 3787 382 3864 Neque
409 3787 581 3865 Wcsseliogii
608 3789 755 3867 spernenda
784 3789 888 3848 videm
917 3795 1021 3873 opinio,

138 3875 182 3950 qui
200 3873 325 3931 Taetzcm
342 3873 458 3936 Diodori
475 3876 555 3934 verbu
572 3878 737 3955 excerpsisse
754 3879 909 3954 suspicatur.

103 3959 146 4030 ⁴⁵)
165 3965 209 4018 nui
221 3960 285 4022 Ἶσιν
302 3964 350 4033 τὴν
369 3963 437 4018 κατὰ
455 3965 504 4026 τὰς
522 3970 605 4028 Φίλας
623 3971 661 4021 ἔτι
677 3973 829 4038 τιμωμένην.
