3000 4908
968 431 1015 506 61

63 606 130 672 cula
153 618 288 694 angusta
309 627 490 685 remanere,
518 604 576 672 sed
604 616 676 675 ante
705 608 860 694 porticum
882 609 1019 674 orienta-
1070 620 1146 681 Pais
1165 621 1184 682 l.

65 717 120 782 len
153 723 329 810 tentorium
364 717 506 796 colloca,
541 727 573 782 et
605 719 638 782 in
668 716 883 805 adjacentibus
910 741 1018 785 mona-

69 832 191 896 chorum
223 831 377 896 cubiculis
408 829 598 896 domicilium
621 835 786 896 constitue.
838 833 953 918 Neque
976 831 1018 897 de

64 945 144 1008 victu
173 942 245 1006 tibi.
265 965 340 1007 cura
368 945 421 1018 sit;
450 944 583 1028 nuncius
613 947 695 1008 enim
723 943 764 1008 dc
794 943 932 1009 adventu
960 955 1017 1010 tuo

61 1078 118 1140 pcr
148 1054 273 1119 insulas
295 1055 474 1142 adjacentes
498 1065 531 1120 et
552 1058 749 1141 propinquos
771 1053 936 1121 Nubarum
963 1080 1019 1144 pa-

62 1191 116 1253 gos
154 1167 322 1232 celerrime
356 1166 546 1253 divulgatur,
581 1189 714 1253 cumque
743 1167 831 1243 lucri,
851 1168 1019 1234 avidissimi

64 1283 122 1344 sint
151 1291 186 1344 et
210 1277 334 1344 Arabes
363 1267 395 1344 et
416 1278 546 1358 Nubae,
574 1288 692 1345 tantam
721 1280 939 1346 alimentorum
965 1303 1019 1346 co-

68 1395 145 1474 piam
173 1402 354 1476 asportant,
383 1402 419 1455 ut
446 1391 551 1479 aliqua
579 1413 650 1455 cum
672 1389 864 1457 abundantia
886 1407 1018 1460 coenam

70 1527 173 1589 parare
203 1505 320 1590 possis.
372 1503 455 1570 Cum
475 1503 588 1569 incolis
611 1503 758 1569 destituta
781 1506 821 1569 sit
841 1505 956 1584 insula,
983 1509 1017 1571 in

66 1627 340 1681 monumentorum
368 1619 595 1702 perquisitione
620 1615 741 1681 nidlam
769 1616 944 1682 molestiam
972 1617 1018 1681 af-

64 1729 171 1794 ferunt
193 1728 316 1792 Arabes
346 1731 455 1806 otiosi,
483 1731 592 1814 quiin
620 1731 708 1815 pagis
730 1729 932 1814 Aegyptiacis
953 1752 1017 1793 ma-

63 1847 145 1906 xima
183 1843 354 1927 pertinacia
391 1843 529 1918 viatores
567 1851 798 1907 consectantur.
865 1841 1016 1908 Ceterum

64 1958 162 2021 totius
192 1953 328 2032 insulae,
363 1952 504 2039 undique
531 1953 691 2019 montibus
720 1957 855 2033 cinctae,
871 1943 1015 2019 'coelum
1063 2001 1065 2005 -

65 2067 285 2154 calidissimum
309 2076 370 2142 est,
400 2068 516 2152 quain
538 2087 573 2130 re
595 2068 647 2130 vix
671 2089 689 2149 a
712 2064 865 2131 Thebana
887 2069 1016 2152 regione

64 2190 232 2266 superatur
250 2173 297 2259 *).
338 2177 514 2264 Praecipue
536 2181 618 2243 circa
639 2177 800 2243 meridiem
823 2178 899 2244 solis
921 2178 1016 2243 radiis

63 2295 111 2356 vis
140 2289 294 2378 quaedam
323 2310 467 2376 pungens
496 2293 591 2370 inest,
621 2313 684 2377 qqa
709 2291 927 2356 molestissime
950 2289 1037 2356 affl-⁸

65 2409 191 2469 ciuntur
211 2401 421 2478 ambulantem
451 2423 492 2468 eo
515 2406 666 2489 gratiores
688 2415 762 2470 sunt
783 2407 932 2491 temporis
953 2425 1018 2468 ma·

65 2519 159 2583 tntini
189 2529 222 2582 ct
253 2517 426 2601 vespertini
458 2515 677 2601 refrigerantes
712 2538 821 2594 aurae,
855 2537 917 2581 nec
948 2538 1016 2582 non

22 2627 30 2648 ⁶
66 2651 164 2695 suave
185 2629 338 2714 refugium
361 2628 501 2692 offerrmt
522 2627 712 2714 templorum
734 2627 797 2693 alta
819 2638 911 2693 tecta.

133 2741 379 2806 Pulcherrimum
406 2737 463 2804 tibi
491 2743 550 2804 erit
577 2740 791 2825 spectaculum
820 2763 857 2805 ex
894 2749 1210 2820 summoProepeetene

66 2853 200 2940 pylone,
216 2852 364 2918 altissimo
379 2851 500 2915 insulae
516 2851 598 2930 loco,
614 2852 714 2916 solem
730 2852 926 2917 occidentem
941 2873 1016 2918 con·
1070 2840 1176 2963 {W

64 2964 251 3051 templarii,
294 2963 423 3029 Montes
444 2961 573 3048 Libyci,
599 2963 662 3030 s'oli
691 2963 903 3043 obstruentes,
931 2966 1016 3028 insu-

62 3073 134 3141 lam
156 3071 358 3154 obumbrant,
387 3075 461 3142 drmr
483 3074 556 3142 litus
577 3075 644 3140 Nili
666 3055 820 3142 orientale
850 3079 1016 3142 montium-

66 3208 133 3274 que
167 3185 375 3252 Arabicorum
413 3189 485 3274 juga
522 3186 691 3253 clarissima
729 3189 801 3254 lucc
835 3187 1013 3275 splendent.

64 3301 321 3389 Septentrionem
349 3321 465 3370 uersus
498 3303 641 3386 proxima
674 3311 828 3366 cataracta
862 3303 1015 3387 conspici-

63 3426 123 3493 tur,
147 3414 237 3500 cnjns
259 3413 404 3503 strepitus
427 3423 607 3492 aestuosus,
631 3434 690 3499 pro
713 3416 800 3478 venti
823 3414 912 3492 flatu,
942 3435 1014 3477 acu-

65 3531 144 3593 tiore
174 3522 229 3590 vel
258 3527 402 3610 graviore
430 3529 539 3591 sonitu
571 3522 611 3589 ad
645 3521 750 3589 aures'
768 3528 920 3612 pervenit.
976 3526 1014 3589 In

15 3679 18 3691 ·
68 3637 157 3704 litore
186 3636 336 3703 orientali
358 3637 424 3703 dno
447 3659 520 3703 sara
541 3635 678 3723 ingentia
701 3647 884 3714 cernuntur,
910 3638 1013 3723 primo

15 3777 16 3786 l
68 3792 263 3810 m

102 3896 129 3965 a)
152 3895 264 3975 Saepius.
283 3893 489 3967 obserravirnus,
511 3895 724 3954 thennometrnm
746 3898 773 3954 in
794 3898 902 3955 tentorii
919 3895 1012 3955 umbra

136 3985 295 4060 trigesimum
313 3983 408 4044 caloris
425 3984 533 4074 gratim
550 3983 659 4043 Renum.
676 3983 814 4044 indicasse.
