3026 4920
445 471 472 548 8

277 661 353 724 Pius
370 665 389 725 t.
445 647 607 739 potentiae
635 643 731 725 elata,
757 639 839 708 lines
867 642 900 711 in
927 641 1026 730 prima
1053 649 1207 707 cataracta
1228 643 1399 730 posuisset.

445 762 536 827 Haec
556 759 680 845 opinio,
697 775 766 820 cum
788 756 996 822 monumentis
1018 755 1106 819 utin
1127 753 1231 820 insula
1250 758 1309 822 sita
1322 767 1402 824 sunt

447 875 565 961 optime
588 889 773 961 congruens,
795 871 909 955 cuique
930 855 1229 933 tabidam'nostram
1243 869 1267 933 l.
1290 867 1400 934 obiter

446 981 630 1072 adspicienti
650 979 785 1070 probata
807 983 874 1045 erit
911 979 1036 1044 Etenim
1057 981 1091 1044 in
1115 979 1237 1046 insulae
1258 991 1398 1047 extrema

445 1105 535 1183 parte
549 1091 746 1163 meridionali
760 1091 951 1185 suntsoalae
965 1093 1102 1179 majores
1116 1093 1184 1174 (H),
1206 1089 1319 1179 quibus
1339 1115 1399 1158 na-

343 1269 346 1276 ,
444 1227 501 1272 ves
524 1207 736 1295 appellerent;
756 1204 857 1271 scalas
878 1203 961 1268 duae
981 1208 1121 1290 porticus
1144 1205 1195 1286 (I)
1219 1216 1251 1270 et
1271 1205 1321 1288 E)
1344 1227 1399 1270 ex-

445 1321 571 1406 cipiunt.
608 1321 776 1386 Praeterea
797 1318 900 1404 magni
920 1315 1028 1403 templi
1042 1317 1180 1403 pylones
1201 1316 1251 1398 (C
1269 1327 1301 1382 et
1316 1315 1396 1401 Ca)

442 1429 604 1496 meridiem
631 1440 788 1518 spectant;
815 1440 881 1494 tum
908 1428 1058 1515 templum
1084 1432 1185 1515 ipsum
1213 1431 1255 1493 ita
1279 1439 1397 1494 ossuu-

445 1519 528 1608 ctum
551 1553 606 1623 est,
628 1553 663 1608 ut
683 1545 870 1629 ingressum,
899 1540 1047 1607 obeliscis
1076 1551 1108 1607 et
1135 1540 1264 1607 leonum
1285 1543 1396 1608 statuis

445 1665 603 1734 ornatum,
631 1678 651 1720 a
671 1652 801 1719 meridie
823 1652 951 1732 habeat,
977 1651 1107 1740 adytum
1127 1674 1206 1719 vero
1230 1663 1262 1718 et
1282 1675 1396 1720 recon-

444 1749 510 1832 dita
532 1765 676 1831 cubicula
698 1766 803 1852 (quasi
823 1775 943 1852 tergum
958 1763 1107 1853 aedificii)
1130 1789 1147 1832 a
1168 1769 1393 1851 septentrione.

444 1875 548 1964 Quam
575 1875 790 1942 aedificiorum
812 1878 1048 1965 dispositionem
1069 1898 1136 1943 non
1158 1876 1197 1942 ab
1219 1879 1394 1964 Aegyptiis,
1504 1869 1505 1876 ἵ

444 1991 499 2076 qui
525 1989 788 2075 septentrionales
815 2001 914 2056 terras
935 2001 1093 2069 tenerent,
1121 1989 1180 2054 sed
1202 1988 1242 2054 ab
1263 1991 1394 2056 Aethio·
1504 1983 1505 2046 ὲ

442 2100 544 2190 pibus,
567 2125 586 2167 a
605 2101 735 2167 meridie
750 2101 1013 2188 procedentibuss
1026 2102 1137 2170 factam
1154 2123 1222 2167 esse
1237 2113 1375 2190 apparet

459 2229 461 2234 '
509 2214 544 2279 Si
565 2215 628 2282 hoe
648 2213 745 2279 modo
766 2213 924 2279 Philarum
945 2213 1117 2300 originibus
1136 2218 1287 2302 majorem
1309 2225 1394 2280 aeta-

442 2335 507 2393 tem
527 2326 687 2392 vindicare
710 2329 777 2393 ausi
798 2347 918 2404 sumus,
945 2327 1075 2392 multum
1097 2326 1200 2406 abest,
1230 2338 1265 2392 ut
1287 2329 1392 2396 omnia

443 2451 526 2524 quae
553 2460 639 2502 nunc
660 2449 781 2504 exstant
799 2424 1010 2504 'monumenta
1038 2439 1079 2504 ad
1105 2449 1228 2504 remota
1247 2437 1304 2504 illa
1323 2459 1392 2504 sae-

443 2549 516 2614 cula
542 2549 728 2629 referamus,
756 2549 870 2637 quibus
900 2561 1028 2617 auctore
1057 2548 1227 2616 Herodoto
1256 2551 1315 2632 (ΙΙ,
1337 2551 1389 2632 d.)

441 2661 608 2748 Aegyptus
628 2662 720 2749 palus
742 2663 815 2739 luit3
844 2672 948 2733 tamen
970 2685 1008 2729 ex
1030 2664 1066 2728 iis
1089 2683 1172 2748 quae
1193 2662 1290 2728 modo
1313 2671 1392 2726 attu-

441 2769 548 2852 limus,
577 2777 651 2839 satis
679 2774 870 2840 declaratum
899 2795 969 2840 esse
990 2795 1150 2861 speramus
1171 2775 1270 2860 primu
1291 2776 1325 2838 in
1338 2775 1391 2840 'in-

442 2883 513 2976 sula
534 2875 685 2965 aedilicia,
707 2887 850 2951 Deorum
872 2886 970 2952 cultui
991 2885 1143 2965 dedicata,
1164 2889 1258 2972 magis
1279 2888 1313 2952 in
1329 2887 1391 2952 Ae-

442 2997 585 3082 thiopum
605 3019 695 3062 usum
718 3020 810 3084 quam
824 2998 1053 3084 Aegyptiorum
1075 3019 1192 3076 camsa,
1213 2996 1295 3062 ultra
1310 3008 1390 3064 cata

442 3118 558 3174 rectem
580 3108 797 3186 habitantium,
818 3113 921 3195 posita
943 3110 1039 3176 finisse
1054 3107 1099 3192 *).
1131 3109 1247 3174 ‘Variis
1270 3120 1391 3196 tempo-
1504 3107 1505 3130 ¹

441 3211 528 3285 ribus
556 3243 575 3286 a
599 3223 691 3286 variis
713 3203 840 3307 populis
862 3220 1019 3301 aedificia,
1048 3243 1130 3308 quae
1151 3231 1290 3286 nostram
1311 3221 1392 3287 tule-

441 3312 516 3398 runt
536 3325 693 3410 aetatem,¹
708 3343 862 3398 exstructa
885 3355 963 3412 esse,
984 3332 1227 3420 Aegyptiorum,
1249 3332 1390 3400 Graeco-

441 3465 518 3523 rum,
539 3444 754 3510 Romanorum
775 3447 905 3531 vestigia
926 3444 1105 3523 ostendunt,
1128 3442 1216 3534 quod
1236 3448 1332 3584 magis
1352 3460 1389 3509 ex

476 3687 502 3760 ')
528 3685 663 3746 Heliodori
686 3687 810 3748 Emeseni
831 3686 1006 3744 narrationem
1027 3687 1230 3744 commentitiam
1252 3681 1385 3762 (Actbiop.

511 3771 582 3846 Vlll,
600 3775 643 3844 1.)
662 3773 695 3831 de
713 3774 794 3832 Pbilic
811 3771 928 3842 insula,
919 3793 947 3829 ιιι
964 3775 1093 3852 principio
1110 3771 1143 3829 ab
1160 3772 1297 3850 Aegyptiis
1314 3790 1387 3828 ocen-

512 3871 580 3942 pata‚
598 3881 630 3918 eo
649 3862 731 3937 magis
747 3861 799 3917 hoo
815 3860 875 3916 loeo
888 3857 1039 3916 mittendam
1056 3879 1201 3928 censemus,
1219 3879 1278 3917 cum
1296 3857 1388 3915 nullius

511 3950 648 4025 scriptorb
666 3948 818 4006 auctoritate
834 3948 999 4017 sustineatur,
1016 3947 1093 4030 eique
1111 3955 1182 4005 mnia
1194 3955 1340 4024 repugnent
1351 3964 1388 4003 at·

511 4044 637 4110 gumane.
