3026 4920
998 429 1047 508 ta

93 601 253 678 colunttis'
273 611 306 676 in
335 604 522 696 quadratum
551 603 724 697 dispositis,
756 627 971 693 quaenam,
1004 604 1045 674 ad
1101 616 1175 678 Pras
1193 617 1215 676 l.

90 727 214 790 tertiam
235 731 357 809 partem
373 716 544 787 altitudinis
559 717 653 799 elato,
674 723 757 784 inter
771 741 806 788 se
820 721 946 807 junctae
962 729 1045 786 sunt.

89 833 249 921 Capitulis
276 833 483 902 ornatissimis
510 830 647 896 insident
675 830 766 895 abaci
793 830 922 899 insolita
943 830 1046 898 altitu-

88 945 180 1026 dine,
208 945 294 1011 baud
323 942 420 1008 dubie
448 942 647 1029 recipiendae
676 941 766 1008 Isidis
788 942 922 1029 tigrane,
950 963 1046 1032 super

88 1081 176 1146 quos
204 1055 394 1146 epistylium¹
418 1075 485 1118 cum
508 1056 652 1140 zophoro
676 1066 708 1122 et
729 1058 909 1142 projectum
931 1037 1046 1142 simpli-

89 1175 216 1236 cissima
244 1166 435 1234 collocatum
464 1175 526 1241 est;
556 1176 672 1232 tectum
700 1168 863 1251 imponere
885 1188 1046 1254 nunquam

87 1287 125 1348 in
149 1285 253 1347 animo
274 1275 433 1344 habebant
457 1277 650 1370 conditores.
700 1281 814 1346 Totius
843 1282 949 1365 operis
977 1277 1046 1346 alti-

90 1393 173 1458 tudo
204 1393 248 1456 db
275 1388 389 1477 pedmn
418 1397 474 1455 cst
525 1390 700 1476 Utramque
728 1400 847 1476 partem
882 1401 915 1455 et
941 1391 1046 1456 orien-

90 1504 189 1570 talem
222 1511 254 1572 et
286 1499 524 1582 occidentalem,
560 1513 673 1590 portae
706 1511 878 1588 occupant,
913 1523 1043 1588 quarum

88 1626 217 1703 postes,
262 1611 384 1678 duabus
421 1613 531 1682 mediis
571 1613 724 1680 colsunnis
762 1612 922 1701 eleganter
958 1613 1045 1685 affixi

86 1737 174 1793 sunt.

133 1838 173 1904 ln
194 1849 357 1924 portarurn
378 1837 586 1926 dispositione
606 1841 714 1906 miram
738 1841 970 1924 congruentiam
984 1859 1045 1926 per
1077 1845 1227 1900 Portarum

86 1959 188 2015 totam
224 1951 405 2036 Aegyptum
450 1962 481 2016 et
520 1951 720 2038 Aethiopiam
756 1950 1043 2030 animadvertimus,
1096 1918 1201 1989 s⁰'’'²“‘

87 2083 189 2148 quare
211 2064 412 2147 scriptionem
433 2065 467 2128 in
490 2065 570 2130 areis
593 2073 626 2127 et
646 2064 819 2127 sectionem
841 2065 921 2128 muri
943 2062 1041 2146 (Tab.

86 2174 128 2239 ll.
153 2173 277 2238 Formis
300 2175 329 2237 l.
351 2175 382 2238 2.
406 2175 453 2255 3.)
475 2177 604 2261 exprimi
625 2167 808 2239 curavimus.
852 2173 976 2240 Valvae
996 2179 1042 2240 in-

87 2297 226 2350 trorsum
246 2284 457 2364 trahebantm,
479 2285 605 2352 clausae
626 2284 767 2351 trabibus
787 2308 879 2352 muro
901 2289 1042 2354 immissis

89 2395 322 2476 mrmiebantur,
351 2418 483 2483 quarum
505 2419 595 2476 cava,
620 2398 744 2464 modica
767 2397 928 2464 altitudine
951 2397 1041 2478 facta,

88 2512 122 2574 in
151 2507 295 2574 omnibus
324 2508 448 2594 templis
470 2508 642 2576 observare
664 2509 747 2574 licet.
797 2510 957 2596 Pylonum
978 2533 1042 2576 ma·

88 2624 175 2708 jores
203 2611 481 2707 portae'OEorma
503 2623 545 2704 l)
574 2620 705 2688 eandem
733 2622 863 2687 formam
886 2620 1041 2701 exhibent,

88 2754 182 2820 quam
209 2734 361 2812 minores,
394 2730 536 2819 duplices
565 2743 669 2799 autem
693 2733 805 2800 valvae
829 2724 932 2813 erant,
958 2737 1041 2799 inter

89 2865 169 2929 quas
191 2847 224 2908 in
247 2843 450 2910 crassitudine
471 2847 551 2910 muri
572 2866 799 2932 nonnunquam
822 2844 974 2911 conclave
989 2867 1041 2910 ex-

91 2965 240 3020 structum
262 2965 323 3034 est,
350 2958 493 3042 janitoris
514 2955 766 3024 habitatiuncula.
816 2933 853 3022 ln
874 2961 1039 3044 superiore

94 3085 222 3152 quoque
253 3066 369 3132 forium
401 3079 489 3152 parte
517 3065 552 3153 *)
581 3091 688 3138 murus
714 3072 882 3136 introrsum
910 3068 1038 3148 recedit,

92 3197 158 3263 quo
179 3175 297 3243 firmius
320 3175 518 3244 clauderetur
536 3181 640 3265 janua.
684 3182 805 3247 Valvas
826 3181 965 3248 reclusas
987 3202 1038 3246 so

88 3287 189 3354 lerter
216 3291 249 3352 in
277 3309 368 3360 muro
397 3294 484 3376 quasi
509 3291 721 3378 reponebant,
744 3314 797 3358 ⁴ne
823 3295 1038 3379 prominentes
1069 3279 1071 3284 ¹

86 3401 203 3468 valvae
230 3403 264 3464 in
291 3403 412 3486 pompis
439 3406 548 3483 sacris,
576 3403 778 3482 multitudini,
807 3407 916 3470 atrium
938 3406 1040 3489 ingre-

87 3511 200 3590 dienti,
229 3510 402 3581 molestiam
427 3513 554 3580 ferrent.
607 3514 727 3581 Omnes
749 3525 876 3601 portae,
905 3535 974 3580 cum
996 3513 1038 3578 ad

88 3623 219 3692 eandem
240 3644 382 3690 normam
403 3624 505 3691 factae
526 3628 602 3706 sint,
630 3626 723 3692 facile
752 3634 799 3691 est
825 3628 858 3690 in
887 3623 1036 3690 aedificiis

91 3731 205 3800 deletis'
221 3746 254 3801 et
279 3757 376 3810 arena
405 3736 589 3820 obstructis,
617 3759 699 3826 quae
726 3741 759 3806 in
785 3739 935 3826 Aegypto
963 3747 1036 3836 sunt

94 3883 286 3910 Μ

126 3991 392 4058 ‘tremas-tc
461 3999 498 4024 '⁸
