2966 4916
443 387 528 472 tit

271 588 346 664 Pars
364 588 395 646 11.
444 575 531 640 tinen
564 575 664 639 nostri
692 573 841 657 temporis
873 582 903 636 et
933 569 1098 638 Strabonis
1126 573 1278 651 refertur,
1313 577 1402 639 omni

442 705 540 752 sensu
573 698 686 766 caret;¹
711 688 759 749 sin
793 683 834 748 ad
867 683 987 763 Philas,
1025 687 1059 748 in
1091 686 1149 747 Vl.
1183 687 1228 748 M.
1263 686 1299 750 P.
1334 707 1400 749 mu-

443 799 573 865 tandum
596 807 688 862 esset.
732 797 828 861 Pater
848 795 1044 874 Harduinus,
1067 798 1091 874 Ι,
1114 822 1144 883 p.
1169 799 1244 863 257.
1267 809 1334 863 not.
1359 801 1400 877 8.,

375 951 377 956 ·
441 911 557 976 frustra
585 912 669 974 hunc
689 905 783 974 Plinii
810 909 917 974 locum
949 921 1060 974 contra
1083 910 1267 974 Salmasium
1291 910 1399 975 delen-

444 1023 531 1102 dens,
554 1021 719 1088 Strabonis
740 1021 933 1086 luculentam
954 1021 1039 1086 illius
1061 1025 1198 1108 regionis
1214 1019 1396 1108 descriptio-

442 1158 515 1200 nem
543 1138 681 1200 vitiatam
703 1157 773 1198 esse
796 1146 886 1220 putat
906 1133 956 1216 ἢ,
987 1156 1079 1220 quam
1103 1155 1171 1199 cum
1194 1138 1325 1199 veritate
1349 1157 1400 1198 ac-

319 1305 322 1314 .
444 1250 634 1338 curatissime
658 1268 833 1334 congruere
856 1269 951 1334 supra
972 1249 1149 1311 notavimus
1171 1244 1238 1325 fl).

509 1360 793 1446 Quotienscunque
808 1358 929 1423 Plinius
950 1358 1140 1424 meridianos
1155 1360 1294 1446 Aegypti
1315 1359 1399 1423 fines

319 1500 321 1502 ·
441 1477 634 1552 memoravit,
657 1474 817 1558 Syenen
839 1471 979 1536 ultimam
1002 1469 1176 1556 designavit
1190 1469 1309 1550 urbem,
1326 1494 1351 1536 e.
1369 1495 1398 1557 g.

441 1585 573 1661 V1.35;
596 1581 693 1650 finem
714 1587 836 1671 imperii
856 1595 952 1649 vocat
972 1583 1041 1662 XII,
1064 1585 1103 1662 8.,
1128 1604 1315 1670 quamquam
1329 1587 1398 1669 ipse

441 1698 584 1762 Petronii
617 1697 848 1785 expeditionem
877 1697 1096 1782 Aethiopicam
1124 1708 1230 1761 narrat
1258 1698 1314 1775 Vl,
1343 1697 1395 1765 35.

337 1834 343 1849 ·
387 1873 394 1889 ,
442 1845 486 1860 --
508 1812 746 1876 Accuratiorem
769 1809 919 1874 addamus
943 1811 1046 1874 Taciti
1069 1813 1269 1888 senteutiam,
1291 1812 1398 1874 Anna-

442 1924 518 1988 lium
540 1923 593 1988 lih.
618 1925 656 2001 ll,
685 1925 736 1988 61.
766 1926 975 2002 enunciatam,
1005 1921 1061 1986 ubi
1084 1923 1125 1988 de
1149 1923 1329 1987 Germanici
1350 1927 1398 1987 iti-

443 2057 522 2101 nere
544 2036 761 2122 Aegyptiam,
790 2033 1099 2121 cognoscendae
1123 2038 1397 2121 antiquitatis,

338 2196 342 2202 -
444 2151 586 2234 exponit:
630 2149 728 2227 „Exin
760 2160 887 2214 ventum
921 2147 1156 2234 Elephantinen
1189 2169 1226 2212 ac
1257 2147 1397 2233 Syenen,

442 2259 596 2340 „claustra
625 2259 700 2326 olim
722 2261 859 2326 Romani
880 2263 1015 2347 imperii,
1045 2259 1133 2346 quod
1160 2281 1246 2324 nunc
1267 2260 1397 2326 rubrum

442 2373 501 2452 „ad
522 2395 607 2438 mare
630 2377 789 2460 patescit.“
831 2375 897 2438 Res
925 2397 943 2438 a
966 2375 1106 2460 Traiano
1129 2384 1231 2460 gestas
1254 2371 1399 2460 designat

443 2489 558 2572 (inquit
579 2489 610 2549 J.
625 2485 763 2574 Lipsius>
785 2485 933 2551 limitibus
955 2489 1076 2574 imperii
1097 2484 1227 2549 rubrum
1249 2485 1289 2550 ad
1310 2509 1397 2554 mare

323 2617 330 2630 ·
379 2659 384 2670 ,
442 2602 605 2685 promotis.
650 2602 723 2665 Huc
744 2602 902 2686 pertinent
925 2603 1031 2677 etiam,
1061 2622 1142 2684 quae
1164 2600 1261 2665 habet
1283 2599 1397 2665 Suidas

443 2733 467 2776 s.
483 2735 512 2775 v.
537 2707 708 2796 Ῥωμαίων
729 2706 827 2798 ἀρχῆς
842 2749 886 2761 -
907 2709 1107 2800 ,,ὁρισαμένη
1128 2715 1256 2800 πέρατα
1278 2713 1397 2793 ἑαυτῆς

442 2816 525 2911 πρὸς
553 2826 614 2909 μὲν
650 2829 690 2888 ἕω
716 2817 839 2900 Ἰνδοὺς
866 2825 923 2888 καὶ
951 2818 1100 2912 ἐρυθρὰν
1128 2820 1313 2891 θάλασσαν
1340 2828 1397 2891 καὶ

441 2981 643 2997 *n—-n

476 3087 504 3158 *)
529 3086 560 3144 cl'.
580 3085 708 3144 d'Anville
725 3079 866 3143 lllemoircs
883 3106 929 3143 sur
944 3085 1065 3184 l’Egypte
1083 3089 1208 3145 ancienne
1226 3099 1253 3145 et
1269 3089 1396 3148 moderna

397 3196 398 3200 ¹
555 3177 617 3231 215.

477 3193 538 3333 “il
542 3261 647 3318 Jam
625 3282 649 3318 ιι
666 3263 725 3338 quis
743 3259 911 3338 desperatum
928 3259 998 3318 hunc
1015 3257 1093 3318 Plinii
1109 3233 1222 3318 locum
1213 3283 1241 3318 ιιι
1257 3263 1396 3321 ιιιίῑιιιιιιι

512 3351 652 3406 restituere
681 3347 773 3416 vellet,
804 3346 941 3405 audaciore
968 3349 1118 3422 conjectura
1143 3349 1282 3424 legendum
1310 3363 1395 3409 esset.

511 3435 647 3507 „Ditionis
658 3435 773 3512 Aegypti
791 3454 850 3491 esse
867 3435 959 3513 incipit
976 3456 991 3490 a
1009 3435 1107 3510 Syene,
1125 3437 1161 3492 ita
1177 3447 1286 3494 vocatur
1304 3442 1396 3516 penin-

510 3523 586 3592 „sula
602 3521 673 3579 mille
690 3541 814 3598 passuum
832 3522 963 3589 ambitu,'
954 3543 983 3579 m
1000 3543 1050 3598 qna
1067 3533 1151 3580 castra
1163 3534 1224 3581 sunt
1234 3523 1317 3584 latere
1329 3527 1398 3584 Ara-

511 3611 603 3679 ,‚biae‚
626 3620 654 3667 et
672 3630 705 3665 ex
723 3607 832 3665 atlverso
850 3609 947 3678 insula,
972 3607 1009 3664 lV
1031 3609 1064 3667 lii.
1083 3609 1112 3667 P.
1131 3610 1243 3681 ambitu,
1264 3613 1398 3690 Elephan·

511 3700 643 3766 „tine-
612 3695 751 3753 -Philae
767 3697 851 3754 insula
868 3717 948 3774 supra
962 3699 1132 3756 novissimum
1149 3709 1296 3757 cataracten
1310 3698 1345 3757 Μ.
1365 3699 1396 3757 Ρ.

512 3793 558 3855 „et
575 3804 654 3862 supra
673 3783 779 3860 Syenen
796 3782 834 3840 Vl
849 3783 885 3842 tt.
897 3783 926 3840 P.
944 3783 1083 3854 habitatur,
1100 3787 1269 3862 navigationis
1285 3787 1398 3843 Aethio-

510 3872 602 3949 „picae
618 3871 686 3929 linis.
722 3871 762 3929 lbi
778 3869 925 3949 Aegyptiae
943 3875 1102 3929 conveniunt
1117 3893 1206 3942 naves,
1223 3895 1336 3952 namque
1348 3895 1398 3932 eas

508 3957 654 4036 „plicatiles
671 3961 741 4017 etc.“
760 3992 791 4002 -
