3026 4920
986 427 1034 502 21

85 605 160 672 illae
180 605 414 691 inscriptiones,
442 599 557 686 quibus
584 599 705 687 figurae
727 601 915 667 lineamenta
937 603 1034 670 literis
1090 617 1165 676 Pras
1182 618 1202 678 t.

85 720 201 806 graecis
227 715 385 782 inculcata
414 722 502 789 sunt,
529 733 681 777 annorum
706 715 768 778 lot
794 712 1033 784 adtracti.

81 854 114 897 n.
136 841 216 908 sunt,
237 849 345 914 neque
368 822 518 889 credibile
541 834 596 901 est,
619 824 750 888 alterum
766 835 875 889 votum
897 828 930 892 in
943 849 1033 896 muro

79 941 191 1029 figuris
212 940 347 1027 repleto,
370 935 501 1000 alterum
520 937 554 1000 in
575 956 666 1000 muro
688 935 775 1001 nudo
791 941 960 1002 memoriae
975 950 1035 1003 tra-

58 1052 181 1118 sditum
209 1053 316 1116 fuisse.
366 1048 402 1112 st
421 1050 513 1132 igitur
533 1051 637 1133 magni
658 1048 816 1112 Philamm
838 1048 967 1134 pylonis
989 1053 1035 1116 iu-

81 1167 285 1251 scriptiones,
314 1181 396 1247 quae
425 1161 512 1249 annis
541 1160 604 1222 lot
633 1158 788 1224 adsta.
813 1158 872 1228 Ch.
895 1181 926 1226 n.
951 1183 1035 1226 com-

81 1272 335 1362 prehenduntur,
361 1273 472 1357 partim
499 1274 586 1358 signa
615 1271 852 1358 hieroglyphice
873 1273 1035 1338 interrum-

86 1396 174 1471 punt,
195 1387 307 1470 partim
327 1385 364 1447 iis
385 1385 736 1469 circumscriptaesunt,
756 1383 831 1446 inde
854 1383 960 1470 colligi
980 1407 1036 1450 ne-

88 1500 162 1582 quit,
185 1506 350 1580 utrumque
373 1493 484 1560 eodem
505 1506 649 1582 tempore
665 1517 734 1560 esse
749 1495 872 1572 lactum,
894 1494 952 1559 sed
966 1501 1035 1583 ipsa

85 1611 220 1673 varietas
248 1611 281 1671 in
307 1607 405 1672 literis
433 1605 645 1692 disimrgendis
666 1609 875 1670 recentiorem
897 1612 1034 1672 omnitun

80 1721 320 1807 inscriptionum
352 1741 530 1806 graecarum
564 1729 697 1782 aetatem
730 1717 927 1784 corroborat.
981 1720 1034 1786 nd

81 1833 164 1918 regis
191 1833 289 1917 ipsius
315 1843 426 1896 votmn
453 1828 711 1916 consignandum,
739 1853 845 1896 murus
870 1830 1035 1896 lithocolla

81 1943 300 2029 complanatus
329 1953 390 2018 est,
419 1943 622 2026 Lysimachus
651 1952 755 2005 autem
782 1963 936 2020 assessor,
967 1963 1032 2028 quo

81 2056 159 2120 loco
183 2054 464 2120 commodissimum
486 2056 614 2140 putavit,
635 2064 744 2118 votum
759 2052 931 2139 adscripsit.
970 2052 1036 2117 Ga-

82 2170 153 2258 vius
175 2170 209 2231 in
230 2188 329 2252 opere
351 2168 630 2250 praestantissimo,
656 2166 871 2230 Monumentis
892 2163 1035 2229 Nubien-

84 2278 174 2344 sibus
203 2275 282 2342 Tab.
309 2277 378 2355 XL,
410 2298 551 2361 magnam
577 2279 813 2362 inscriptionum
841 2276 1034 2369 Pbilensium

86 2392 210 2477 copiam
232 2388 366 2475 collegit,
390 2387 513 2474 quibus,
532 2387 587 2452 vel
608 2391 662 2475 qui
684 2388 800 2475 templa
825 2409 899 2454 non·
915 2387 1033 2468 adierit,

89 2501 129 2566 de
151 2523 191 2567 eo
214 2499 302 2587 quod
325 2499 455 2564 diximus
477 2499 723 2587 persuadebitur.
1023 2567 1028 2575 ,

151 2613 249 2678 Aliud
271 2611 391 2677 accedit
413 2623 633 2697 argumentum,
656 2611 743 2698 quod
766 2633 891 2678 omnem
912 2611 1034 2677 deboc

85 2747 121 2792 re
149 2725 377 2792 dubitationem
404 2722 586 2788 removebit
638 2724 671 2787 Si
699 2725 780 2788 enim
807 2726 961 2789 vetustior
988 2734 1036 2788 est

85 2842 246 2925 inscriptio
269 2859 390 2923 graeca,
410 2835 467 2902 illo
488 2848 631 2921 tempore
647 2857 714 2899 eam
728 2835 840 2899 factam
856 2857 925 2900 esse
940 2856 1035 2921 spor·
1149 2846 1162 2873 ·

89 2959 144 3026 tet,
164 2972 227 3034 quo
249 2948 352 3034 pylon
375 2957 555 3012 exstructus·
570 2947 703 3032 quidem,
725 2968 786 3011 nec
807 2958 910 3010 tamen
925 2943 1034 3032 figmis

90 3060 330 3147 hieroglyphicis
353 3069 481 3124 ornatus
505 3069 584 3133 erat;
614 3057 701 3143 quod
723 3062 750 3122 si
770 3056 934 3143 ponimus,
952 3055 1034 3144 diiii

93 3170 153 3234 cile
180 3184 226 3238 est
251 3172 427 3249 intellectu,
456 3168 618 3255 quomodo
646 3173 879 3256 inscriptionem
901 3165 1033 3254 opifices

89 3301 158 3349 non
178 3281 324 3362 viderint,
351 3285 405 3370 qui
425 3283 651 3346 accuratissima
673 3280 830 3366 diligentia
851 3279 967 3366 figuras
988 3283 1034 3344 in-

88 3392 305 3484 sculpserunn
336 3392 431 3458 credo
469 3392 669 3462 delevissent·
688 3413 770 3470 eam,
805 3395 923 3480 quippe
952 3413 1034 3478 quae

66 3499 256 3574 'etiamnum
284 3503 389 3572 torum
416 3503 579 3590 depravet,
611 3525 795 3590 murumque
823 3503 937 3569 eadem.
960 3524 1035 3565 cura

90 3640 151 3703 qua
172 3628 303 3684 ceteras·
317 3627 420 3702 partes
441 3616 656 3703 laevigassent.
705 3617 820 3700 Neque
847 3614 940 3680 lacile
969 3635 1035 3677 cre-

94 3725 158 3806 das,
178 3730 277 3796 literis
300 3727 443 3794 delendis
464 3749 608 3813 unquam,
623 3749 809 3818 quemquam
830 3747 959 3812 operam
981 3724 1034 3789 de-

98 3835 187 3918 disse,
206 3844 269 3908 imo
293 3845 431 3931 exceptis
452 3841 504 3917 iis,
534 3861 615 3931 quae
638 3861 707 3904 curn
728 3838 891 3906 lithocolla
914 3837 1035 3903 excide-

97 3962 177 4029 runt,
204 3975 310 4020 omnes
339 3975 441 4042 aeque
464 3951 607 4038 expedite
629 3974 713 4017 nrmc
735 3951 797 4036 legi
818 3962 963 4036 possiunt,
992 3959 1035 4012 at-
