3026 4920
92 617 333 702 inscriptionem
353 631 496 700 graecam
513 611 678 699 explorare
692 611 786 678 nobis
802 615 938 700 contigit,
960 633 1053 700 quam
1105 629 1180 689 Pras
1199 629 1217 689 12

91 728 257 794 hocloco
280 745 464 813 propemere
485 725 570 790 haud
591 725 727 792 alienum
742 725 874 804 videtur,
897 749 967 790 cum
981 747 1054 792 nus-

90 863 201 926 quam,
223 842 283 904 nisi
297 838 442 915 fallimur,
458 841 530 924 ejus
539 841 658 904 mentio
674 841 714 904 sit
727 839 817 903 facta.
856 838 937 904 Sunt
951 850 1054 906 autem

90 951 166 1018 duo
188 943 299 1016 vcrsds
321 953 365 1015 ita
388 949 543 1035 dispositi:

126 1115 1032 1168 ΒΑΣΙΛΕΥΣΠΤΟΛΕΜΑΙΟΣΚΑΙΒΑΣΙΛΙΣΣΑΚΛΕΟΠΑΤΡΛ

121 1211 1035 1264 ΘΕΟῙΕΠΙΦΑΝΕΙΣΚΑΙΠΤΟΛΕΜΑΙΟΣΟΥΙΟΣΛΣΚΛΗΠΙΩΙ

257 1328 333 1416 „Rex
348 1325 512 1386 Ptolemaeus
531 1339 559 1385 et
575 1329 674 1404 Regina
694 1327 846 1408 Cleopatsta,

255 1420 303 1478 Dii
313 1423 464 1499 conspicui,
482 1434 510 1480 et
525 1422 692 1482 Ptolemaeus
708 1424 786 1492 filins,
804 1422 989 1502 Aesculapio.“

169 1571 243 1632 ,Rex
259 1566 456 1636 Ptolemaeus
474 1571 580 1636 nullus
600 1572 678 1638 alius
700 1584 760 1651 cst,
779 1575 837 1638 nisi
857 1571 1056 1638 Ptolemaeo-

104 1695 176 1745 rum
197 1684 336 1766 quintus,
367 1685 416 1746 cui
440 1705 555 1747 nomen
578 1685 776 1770 Epiphani
798 1686 1006 1780 (noa-180
1029 1708 1055 1748 a.

106 1795 166 1860 Ch.
184 1797 238 1874 n),
262 1791 483 1883 Cleopatra
503 1799 608 1882 regina
630 1799 723 1882 igitur
743 1794 812 1865 filia
831 1798 987 1872 Antiochi,
1009 1818 1057 1860 re-

103 1911 149 1994 gis
172 1907 299 1994 Syriae,
328 1907 581 1972 Ptolemaeus
603 1907 715 1972 iilius
745 1919 848 1973 antem
869 1911 965 1994 patris
988 1929 1057 1970 suc

105 2041 229 2096 cess0r‚
263 2022 313 2083 cui
342 2031 453 2105 postea
482 2017 686 2085 Philometori
716 2042 892 2106 cognomen
926 2019 1058 2086 inditum

106 2143 163 2196 est.
202 2133 416 2218 inscriptionis
431 2143 553 2219 tempus
576 2132 806 2218 angustioribus
829 2132 977 2198 limitibus
1001 2134 1058 2201 cir-

106 2243 272 2308 cumscribi
292 2254 406 2329 potest,
429 2247 456 2308 si
478 2244 735 2323 consideraveris,
757 2245 973 2311 Ptolemaeum
987 2245 1059 2308 Phi-

107 2357 295 2422 lometorem
316 2369 423 2421 natum
447 2378 517 2420 esse
545 2377 628 2422 anno
652 2358 714 2421 187
740 2382 766 2422 a.
791 2357 854 2424 Ch.
875 2367 1058 2442 n.,.pat1·em

109 2480 211 2533 autem
235 2490 360 2535 veneno
383 2479 527 2534 necatum
551 2489 634 2533 anno
659 2471 738 2546 180,
766 2468 852 2532 unde
874 2468 982 2532 sacelli
1005 2466 1059 2533 de·

109 2580 222 2645 dicatio
244 2583 278 2645 in
299 2592 419 2666 septem
441 2601 595 2646 annorum
618 2585 730 2646 seriem
753 2582 968 2662 (tet-180)
977 2602 1059 2674 ,con-

107 2692 252 2757 cluditur.
304 2693 470 2757 Praeterea
491 2692 664 2758 notandum
689 2705 749 2770 est,
773 2693 947 2778 epitheton:
981 2693 1060 2776 Θερὶ

101 2800 293 2895 Ἐπιᾳανεῖς
314 2803 389 2867 alias
411 2825 476 2868 non
504 2803 566 2890 legi
593 2807 653 2870 nisi
680 2804 818 2892 adjecto:
852 2798 1059 2891 Εὐχάριστοι,

106 2929 142 2982 ut
168 2922 200 2981 in
229 2915 336 3003 lapide
359 2916 547 2980 Raschidico
569 2919 602 2980 in
627 2920 830 3004 inscriptione
852 2915 1059 3002 Antaeopoli-

109 3041 182 3094 tana
203 3041 235 3094 ct
255 3032 289 3094 in
310 3025 463 3114 plinthide
487 3028 624 3114 aLyciis
648 3028 791 3094 dedicata
799 3027 850 3116 .*)·
893 3031 931 3095 ln
953 3030 1060 3092 inscri-

110 3141 219 3227 ptione
246 3150 355 3206 nostra
383 3149 516 3226 propter
543 3139 607 3205 loci
629 3144 800 3228 angustiam
822 3141 913 3226 plura
941 3139 1058 3206 addere

108 3274 179 3318 non
202 3251 298 3318 licuit.

178 3364 308 3428 Praeter
333 3365 414 3428 hanc
440 3362 622 3452 Aesculapii
654 3367 844 3458 mentionem
879 3367 911 3428 in
945 3383 1058 3449 magno

104 3477 347 3562 inscriptionum
382 3475 573 3541 Philensium
607 3497 740 3541 numero
778 3479 952 3541 invenimus
989 3473 1058 3540 nul-

105 3589 178 3656 lam.
232 3587 368 3651 Maxima
389 3611 461 3674 pars
482 3589 719 3653 venerationem
742 3613 760 3652 a
781 3587 906 3674 regibus
930 3598 962 3652 et
981 3589 1061 3674 regi-
1153 3653 1155 3658 ,

108 3706 155 3769 nis
177 3697 255 3766 isidi
276 3696 367 3764 Deae
389 3699 525 3766 habitam
547 3710 686 3778 testatur,
711 3722 775 3769 una
796 3713 915 3769 tantum
936 3700 1062 3787 Aphro-

149 3904 174 3973 *)
196 3905 256 3978 Quo
279 3906 313 3962 de
334 3907 456 3964 conferas
477 3869 648 3965 ltetmnnium
670 3906 722 3964 ll
747 3928 772 3984 p.
791 3910 834 3964 51.
877 3903 1061 3983 Champollion

186 3989 276 4066 Figeae
294 3989 409 4055 annues
429 3991 476 4048 des
494 3990 613 4068 Legides.
630 3991 664 4060 ll,
684 3996 744 4050 116.
930 3983 932 3990 ’
