3000 4908
86 561 239 617 errorum
264 535 420 622 farragine
449 532 635 615 scriptorem
664 539 752 594 recte
774 531 924 610 sensisse,
954 527 1056 595 libros
1109 538 1184 596 Pars
1202 533 1234 600 li

98 625 208 721 autem
226 658 394 735 corruptos
418 663 488 708 esse
513 644 683 706 existimet?
708 678 748 691 -

125 832 144 856 5
163 759 335 828 Hehodori
357 756 498 840 denique
519 753 670 820 Emeseni
693 751 786 819 locus
806 755 868 840 jam
892 752 1057 819 adumbra-
1081 755 1251 820 Heliodorus.

98 891 166 955 tus,
196 876 251 959 qui
276 893 344 936 non
372 866 475 934 solum
503 879 638 956 propter
664 869 873 931 recentiorem
896 870 1057 954 scriptoris

98 997 249 1063 aetatem,
271 981 329 1048 sed
353 983 444 1094 ptiam
467 992 599 1066 propter
620 977 799 1044 fabulosam
820 977 895 1043 libri
916 991 1058 1046 naauam

97 1101 230 1164 minoris
261 1106 308 1161 est
337 1095 545 1172 auctoritatis,
578 1114 664 1157 nunc
691 1091 902 1178 apponendus
931 1104 991 1170 est;
1025 1097 1059 1158 in

98 1209 263 1278 nonnullis
293 1209 375 1272 enim
406 1228 476 1270 cum
504 1208 682 1292 graviorum
711 1206 899 1289 scriptorum
921 1210 1060 1272 testimo-

99 1328 154 1391 nio
179 1323 337 1399 convenit,
359 1322 392 1384 in
416 1318 483 1383 aliis
506 1316 607 1382 abiis
631 1316 739 1381 diflert
756 1313 801 1398 *).
847 1316 953 1384 Philas
976 1322 1061 1384 ins'u-

98 1435 161 1502 lam
184 1456 281 1522 supra
302 1435 455 1496 minorem
478 1441 665 1495 cataractam
688 1433 777 1496 sitam
800 1452 870 1496 esse
891 1442 979 1514 recte
993 1455 1061 1498 mo-

100 1559 158 1614 net
178 1544 389 1622 Heliodorus,
420 1564 514 1630 quem
533 1546 568 1608 in
592 1541 675 1608 libro
700 1564 759 1608 suo
784 1545 924 1630 quamvls
946 1543 1059 1610 fictitio

104 1681 155 1724 res
185 1653 414 1744 geographicas
436 1654 610 1720 secundum
631 1657 795 1724 veritatem
818 1665 968 1722 tractasse
990 1677 1063 1743 per-

103 1774 273 1858 speximus3
285 1772 419 1857 spatium
432 1779 536 1833 autem
547 1769 741 1834 interPhilas
756 1779 787 1834 et
793 1768 924 1854 Syenen
937 1779 1062 1834 centurn
1100 1791 1106 1804 ·

102 1882 277 1949 stadiorum
296 1885 405 1978 ‘minus
435 1891 522 1946 recte
552 1884 725 1947 constituit:
753 1880 888 1946 vidimus
910 1901 977 1945 non
1000 1903 1064 1944 am-

102 1995 188 2084 plius
222 1996 268 2060 50
300 1992 412 2058 stadiis·
435 1996 589 2058 interesse
620 2005 651 2060 et
679 1992 891 2059 Heliodorum
923 1996 957 2060 in
988 2014 1063 2057 eun-

107 2107 187 2186 dem,
209 2129 301 2194 quem
321 2109 355 2170 in
370 2105 528 2172 Strabone
542 2109 729 2186 notavimus,
752 2129 892 2172 errorem
906 2105 1062 2171 incidisse.

106 2220 199 2307 Quae
217 2218 257 2284 de
276 2221 431 2284 continuis
448 2222 531 2283 inter
547 2220 725 2305 Aegyptios
751 2231 783 2285 et
798 2220 974 2308 Aethiopes
994 2218 1064 2284 bel-

103 2334 144 2398 lis
166 2331 323 2396 Philarum
353 2343 384 2397 et
407 2332 531 2417 Syenes
555 2353 664 2396 caussa
687 2334 781 2419 gestis
804 2343 924 2409 narrat,
956 2354 1064 2418 quarn-

106 2468 199 2534 quam
219 2443 258 2509 ah
278 2445 476 2510 historiarum
497 2443 703 2532 scriptoribus
719 2467 787 2509 non
806 2445 1000 2523 reseruntur,
1019 2455 1065 2512 ta-

104 2581 179 2624 men
193 2556 371 2642 probabilia
392 2569 472 2623 sunt.
508 2559 588 2622 Jure
603 2560 696 2643 igitur
717 2549 779 2636 τὴν
800 2549 898 2624 πόλιν
918 2550 980 2654 τοὶς
1005 2557 1064 2626 Φί-

105 2673 168 2748 λας
185 2681 279 2735 vocat
298 2671 468 2757 ἐπίμαχον,
488 2669 576 2758 quod
590 2670 729 2736 Coraem
742 2672 980 2754 interpretatum
994 2693 1064 2736 esse

105 2856 310 2870 ——nnn——n

141 2969 169 3040 ἰ)
192 2967 250 3026 Lib.
274 2967 344 3036 Vlll,
368 2971 391 3023 l.
415 2967 540 3045 Aelhlop.
567 3001 597 3011 -
620 2967 637 3039 ἡ
661 2970 712 3041 γὰρ
738 2967 812 3032 πόλις
834 2976 863 3024 αἱ
880 2973 959 3024 Φίλαν
981 2979 1065 3024 κεῖται

178 3065 224 3131 μὲν
248 3061 290 3112 int
311 3056 353 3124 τῷ·
366 3059 468 3122 Νείλῳ,
496 3057 547 3108 τῶν
569 3053 712 3110 ίλαττόνων
735 3057 922 3129 καταρρακτῶν
945 3052 1062 3129 ἀνωτέρω

177 3142 283 3215 μικρόν.
308 3139 411 3210 Συήνης
434 3145 460 3194 δὲ
483 3145 527 3194 καὶ
542 3137 724 3214 Ἐλεφαντίνης
741 3141 834 3198 ἱκατὸν
852 3166 905 3198 που
923 3153 979 3205 τοῖς
998 3165 1064 3198 ποτε

179 3231 277 3299 μεταξὺ
296 3231 412 3290 σταδίοις
430 3230 580 3299 διείργεται·
599 3227 698 3300 ταίντην
717 3238 782 3286 ποτὲ
801 3229 1064 3306 φυγάδεςΛίγίπτιοι

181 3313 372 3377 καταλαβόντες
390 3317 434 3366 καί
450 3311 633 3384 ἐνοικήσαντες,
651 3312 798 3388 ἀμφίβολον
816 3323 954 3390 Αἰθίοψίν
972 3341 1001 3373 τε
1020 3323 1064 3372 καί

181 3401 340 3468 Αἰγυπτίοις
365 3405 538 3472 κατέστησαν·
567 3401 618 3455 τῶν
641 3410 699 3474 μὲν,
721 3413 778 3464 τοῖς
801 3403 994 3478 καταρράκταις
1015 3407 1063 3477 την

179 3487 332 3540 Αἰθιοπίαν
350 3483 517 3558 ὁριζομένων·
539 3491 693 3558 Αἰγυπτίων
712 3494 738 3544 δὲ
757 3491 866 3552 καὶτὰς
883 3497 976 3555 Φίλας,
995 3493 1063 3546 κατὰ

178 3571 227 3642 την
245 3578 424 3644 προενοίκησιν
441 3574 491 3630 τῶν
509 3571 569 3648 παρ’
590 3579 693 3636 ἑαυτοῖς
712 3574 844 3650 φυγάδων,
863 3575 896 3638 ὥς
914 3575 946 3630 dv
964 3582 1063 3652 δορυα-

176 3655 276 3721 λώτους
303 3661 414 3723 ἑαυτοὺς
440 3670 589 3736 προςνέμειν
613 3660 766 3722 ἀξιούντων.
795 3663 903 3732 συνεχῶς
926 3666 957 3736 δὴ
979 3688 1063 3739 μετιε-

177 3745 321 3818 ειιπτοὺσης
338 3747 385 3818 της
403 3747 509 3812 πόλεως,
528 3753 572 3803 καὶ
589 3748 640 3804 τῶν
653 3746 695 3804 ciat
706 3749 889 3824 προλαβόντων
901 3755 946 3806 καί
956 3759 1062 3827 ἐπικρα-

176 3831 292 3889 τούντων
310 3842 454 3907 γενομένης,
472 3835 534 3890 τότε
553 3839 580 3890 δὲ
599 3835 651 3892 ὑπὸ
671 3837 789 3914 φρουρᾶς
800 3843 954 3910 Αἰγυπτίων
973 3845 1000 3896 δὲ
1019 3845 1062 3894 καὶ

177 3920 285 3992 Περσων
304 3929 529 3992 κατεχομένης-
549 3945 572 3976 κ.
591 3946 615 3977 τ.
634 3929 657 3979 λ.

840 4023 858 4085 7
