3026 4920
441 495 483 550 vt

441 649 497 726 cis
522 647 813 738 additamentis,
839 647 1012 727 aliorum
1038 676 1144 742 cura,
1169 668 1215 730 ut
1241 655 1312 757 qui
1333 655 1402 733 de-

440 770 568 848 functi
594 773 835 848 memoriam
866 773 932 874 pie
966 773 1160 864 colerent,
1191 775 1235 851 in
1268 777 1402 855 lucem

440 893 593 998 prodiit
617 897 661 992 *).
720 899 853 990 Quare
886 895 1005 971 nobis
1037 897 1078 971 in
1113 897 1188 974 hac
1220 897 1401 982 disserta-

439 1018 562 1105 tione,
589 1016 639 1093 de
665 1015 795 1093 insula
821 1015 886 1092 illa
910 1018 1206 1096 ohservationes
1225 1022 1401 1099 nonnul-

440 1141 497 1216 las
521 1135 832 1241 proferentibus,
864 1121 1023 1215 nullum
1050 1140 1159 1217 aliud
1185 1143 1399 1220 consilium

440 1259 527 1350 fuit,
558 1260 634 1335 nisi
659 1274 706 1336 ut
730 1261 787 1349 iis,
814 1285 917 1362 quae
941 1260 1091 1362 publici
1116 1261 1213 1360 iuris
1238 1262 1316 1362 jam
1341 1265 1397 1340 fa-

441 1397 500 1460 cta
527 1397 654 1470 erant,
684 1381 961 1484 supplementa
988 1382 1186 1484 quaedam
1213 1382 1394 1484 adjicere-

439 1531 542 1595 mus,
568 1504 788 1607 omniaque
811 1503 987 1582 dilucide
1018 1503 1158 1606 collata
1183 1507 1397 1584 lectoribus

440 1643 530 1706 ante
553 1627 694 1704 oculos
716 1639 1006 1730 proponentes,
1039 1629 1221 1705 notitiam
1249 1653 1398 1704 monu-

437 1765 683 1838 mentorum,
709 1750 857 1850 quihus
882 1748 1012 1824 insula
1039 1751 1303 1828 condecorata
1330 1765 1395 1840 est,

439 1873 729 1952 absolutiorem
749 1869 1038 1948 exhiberemus,
1077 1875 1138 1948 De
1158 1884 1281 1950 aetate
1295 1899 1397 1976 quo·

440 2020 520 2098 que
546 1993 795 2097 templorum
820 1991 915 2068 inde
943 2017 988 2069 ex
1006 1992 1113 2069 illius
1133 1993 1396 2098 expeditionis

437 2133 621 2225 tempore
654 2115 794 2216 opinio
830 2114 982 2191 diversa
1018 2115 1181 2202 exstitit,
1214 2131 1260 2192 ut
1292 2100 1396 2194 hanc

436 2265 524 2318 rem
551 2219 688 2314 denuo
709 2223 943 2335 investigare
962 2260 1107 2338 operae
1126 2238 1175 2314 sit
1192 2240 1377 2340 pretium.

509 2359 672 2438 Insulae·
694 2359 873 2434 tabulam
900 2347 1231 2457 elegantissimam
1251 2361 1394 2437 descri-

436 2495 603 2588 pserunt
635 2479 881 2569 Goraboeuf,
922 2481 1146 2574 Devllliers,
1182 2483 1323 2560 Jollo'is
1355 2495 1394 2558 'et

432 2611 491 2684 'St
510 2604 643 2692 Genis,
669 2615 792 2704 quam
815 2613 951 2678 tam'en
976 2627 1060 2679 non
1080 2605 1214 2683 solum
1230 2607 1273 2680 in
1291 2617 1394 2680 non-

435 2727 646 2805 nullorum
680 2725 927 2828 templorum
960 2725 1039 2802 sit-u
1068 2728 1204 2804 minus
1238 2719 1394 2803 accura-

364 2921 371 2933 .
434 2865 528 2940 tam,
554 2848 624 2925 sed
652 2847 771 2924 etiam
794 2847 844 2936 ln¹
863 2848 938 2924 soli
965 2847 1284 2948 configuratione
1309 2863 1394 2924 ma-

434 2996 513 3074 gna
548 2969 702 3047 incuria
733 2968 877 3046 tactam
911 2981 997 3047 esse
1030 2965 1393 3046 animadvertimus.
1500 3045 1501 3090 q

438 3093 602 3192 Singula
626 3091 833 3170 Philarum
859 3103 1124 3168 monumenta
1151 3089 1394 3192 (Antiquita-

435 3219 524 3322 tum
549 3214 639 3292 Vol.
655 3217 683 3290 Ι.
708 3213 804 3291 inde
831 3240 852 3290 a
876 3213 1009 3290 tabula
1037 3203 1057 3286 '1
1084 3225 1214 3312 usque
1240 3211 1290 3288 ad
1315 3213 1392 3290 tab.

435 3339 502 3436 29)
521 3333 664 3413 eximia
683 3350 764 3413 arte
782 3348 942 3422 exarata,
969 3333 1078 3431 signa
1095 3325 1407 3436 hieroglyphice

436 3458 593 3536 solertia
620 3457 731 3535 haud
757 3456 906 3554 vulgari
932 3455 1148 3558 perscripta
1174 3469 1212 3530 et
1235 3457 1313 3532 aeri
1331 3457 1391 3530 in-

437 3582 531 3668 cisa,
573 3597 871 3680 nonnunquam
910 3577 1115 3653 coloribus
1152 3576 1389 3653 nitidisslme

437 3713 573 3781 ornata
611 3716 719 3784 sunt3
757 3739 807 3756 -·
848 3724 1017 3802 eamque
1061 3699 1194 3800 operis
1236 3707 1388 3797 partem

473 3973 502 4052 ⁸)
522 3970 648 4034 hancret
667 3968 855 4052 De‘scriplion
875 3970 912 4032 de
932 3969 991 4033 l’ile
1013 3971 1050 4032 de
1070 3967 1170 4044 Phile,
1189 3985 1257 4050 pag.
1277 3965 1326 4028 29.

1497 3937 1499 4018 l
