3000 4908
464 404 513 480 74

289 599 364 665 pm
382 596 414 658 ιι,
463 591 528 648 mm
549 579 646 646 iussa
669 575 819 646 declarat.
855 571 977 642 Eadem
999 575 1253 665 ratione-locum
1276 576 1433 644 Senecae
1490 659 1491 678 χ

462 691 730 781 interpretandum
759 709 941 768 censemus,
970 687 1012 754 de
1039 692 1102 755 ritu
1130 699 1161 754 et
1189 693 1285 756 sacris
1315 691 1430 777 Aegy-

462 810 613 896 ptiorum,
648 823 742 889 quem
772 802 899 866 Servius
932 797 1070 868 servavit
1097 801 1138 866 ad
1166 804 1256 888 Virg.
1285 803 1421 869 Aeneid.

461 922 519 1000 Vl,
543 919 606 982 lot
622 914 658 997 11)
680 918 781 994 „circa
803 914 942 999 Syenem
965 917 997 978 in
1021 925 1160 980 extremo
1182 915 1328 1000 Aegypti
1349 937 1413 979 esse

463 1031 585 1108 locum,
614 1049 692 1114 quas
715 1027 821 1095 Philas
848 1028 869 1092 i.
894 1047 923 1092 c.
946 1029 1058 1091 amicas
1087 1037 1218 1104 vocant,
1248 1029 1326 1114 quia
1357 1027 1415 1092 illac

463 1143 587 1234 placata
617 1150 665 1208 est
693 1139 734 1206 ab
761 1140 927 1226 Aegyptiis
956 1140 1014 1204 Isis
1041 1141 1135 1218 irata,
1163 1137 1252 1226 quod
1280 1139 1423 1204 membra

427 1279 430 1288 ·
464 1255 601 1325 Osiridis
622 1257 724 1320 mariti
744 1274 812 1320 non
833 1249 1038 1316 inveniebant
1059 1250 1296 1333 (inveniebat),
1329 1275 1425 1338 quem

463 1372 561 1436 frater
583 1368 725 1455 Typhon
751 1363 922 1430 occiderat.
974 1364 1067 1450 Quae
1088 1367 1217 1430 inventa
1239 1385 1310 1428 cum
1332 1387 1427 1452 sepe-

463 1483 522 1548 lire
543 1479 655 1560 -vellet,
685 1479 779 1564 elegit
808 1479 930 1542 vicinae
953 1476 1078 1564 paludis
1100 1479 1282 1554 tutissimum
1306 1475 1425 1555 locum,

465 1615 558 1682 wem
587 1595 718 1658 transitu
746 1599 871 1655 constat
899 1609 968 1660 esse
999 1587 1175 1665 difficilem
1204 1588 1319 1655 limosa
1341 1593 1426 1655 enim

465 1719 528 1788 est,
556 1717 588 1772 et
615 1707 745 1794 papyris
774 1702 891 1768 referta
915 1711 946 1766 et
969 1700 1041 1766 alta.
1093 1701 1186 1766 Ultra
1208 1703 1289 1766 hanc
1313 1701 1427 1790 (palu-

465 1817 538 1886 dem
559 1853 604 1866 -
625 1816 691 1882 vel:
713 1813 847 1881 insulam
868 1812 989 1895 Philas)
1014 1825 1062 1878 est
1081 1812 1189 1880 brevis
1204 1813 1316 1893 insula,
1338 1816 1426 1880 inac

465 1955 554 1998 cessa
582 1927 775 2004 hominibus;
808 1925 895 1994 unde
922 1925 1053 1994 Abaton
1082 1926 1241 2013 appellata
1270 1932 1347 1992 est.“
1383 1964 1426 1976 --

466 2045 618 2131 Quamvis
651 2048 719 2106 non
752 2042 919 2125 perspicua
953 2041 992 2105 sit
1009 2037 1196 2125 ‘verborum
1233 2038 1426 2118 collocatio,

448 2157 585 2242 ⁴majore
609 2164 696 2219 certo
720 2163 787 2216 arte
810 2175 828 2216 a
846 2151 969 2220 Seneca
991 2151 1083 2229 facta,
1104 2162 1224 2216 tantum
1246 2162 1354 2216 tamen
1380 2175 1426 2216 as

465 2269 639 2354 sequimur,
667 2263 797 2330 Abaton
825 2263 959 2334 insitam
983 2287 1020 2328 ex
1044 2263 1179 2330 adverso
1202 2263 1364 2328 Philarum
1388 2268 1428 2330 si-

464 2392 528 2447 tam
549 2379 654 2444 fuisse.
701 2379 782 2442 Satis
805 2387 913 2464 aperte
934 2374 1019 2440 idem
1042 2379 1178 2461 scriptor
1197 2375 1339 2460 loquitur
1354 2375 1426 2458 “h

465 2493 619 2574 „Primum
632 2493 858 2561 incrementum
874 2488 940 2554 Nili
956 2492 1037 2553 circa
1051 2487 1193 2568 insulam,
1216 2511 1308 2574 quam
1323 2489 1426 2556 modo

465 2604 581 2682 rettuli,
603 2602 708 2670 Philas
730 2605 878 2671 nascitur.
914 2601 1037 2686 Exiguo
1060 2600 1101 2666 ab
1123 2602 1184 2666 hac
1205 2605 1307 2686 spatio
1330 2614 1432 2688 petra·

467 2716 624 2795 dividitur,
646 2708 777 2799 ἄβατον
800 2713 917 2778 Graeci
937 2723 1062 2792 vocant,
1084 2735 1146 2779 nec
1167 2711 1253 2778 illam
1276 2712 1341 2792 ulli,
1366 2717 1428 2779 nisi

466 2832 618 2906 antistites
651 2826 787 2893 calcant:
814 2825 870 2892 illa
891 2829 1024 2914 primum
1046 2849 1119 2892 saxa
1142 2838 1266 2893 auctum
1288 2825 1427 2890 fluminis

466 2944 632 3008 sentitmt.“
656 2975 699 2988 —
721 2931 778 3003 ubi
799 2941 867 3004 sine
890 2937 989 3004 dubio
1012 2931 1142 3023 ἄβατον
1163 2938 1293 3004 anilis
1308 2941 1341 3004 in
1361 2961 1428 3003 me-

466 3052 577 3118 ridiam
610 3054 748 3139 positum
783 3074 852 3117 esse
885 3050 1084 3138 intelligitur3
1119 3072 1188 3116 cum
1221 3051 1288 3116 Nili
1322 3073 1427 3136 aquae
1492 3093 1493 3180 p

466 3163 542 3232 inde
576 3187 594 3230 a
626 3163 757 3229 meridie
781 3164 923 3230 insulam
957 3163 1086 3229 nlluant.
1143 3164 1286 3238 Senecae
1320 3175 1428 3228 autem

382 3263 385 3271 ¹
468 3279 684 3344 auctoritatem
717 3279 751 3342 in
784 3276 880 3346 rebus
914 3278 1130 3364 geographicis
1163 3279 1265 3342 minus
1299 3275 1424 3354 valere,

466 3389 564 3454 modo
587 3385 772 3454 videbimus

534 3499 759 3579 Confinnatur,
782 3499 991 3588 quodmodo
1016 3499 1190 3575 docuimus
1214 3498 1432 3582 Wesselingii

467 3616 665 3701 conjectura,
694 3613 798 3700 palma
827 3613 1003 3699 dignissima
1025 3614 1058 3686 in
1085 3610 1243 3675 Plutarchi
1271 3605 1311 3668 de
1338 3605 1435 3674 Iside

1491 3771 1493 3814 l

503 3884 526 3953 'l
543 3903 570 3960 p.
589 3883 650 3936 tat.
669 3878 711 3934 orl.
731 3839 878 3940 benevant.
898 3880 975 3937 1536,
1491 3839 1493 3856 .

502 3969 547 4039 aa)
568 3967 677 4042 Queat.
696 3971 782 4020 natur.
799 3963 840 4022 etl.
859 3961 933 4040 nipe.
951 3984 979 4042 p,
997 3965 1057 4020 τῃ.
1076 3963 1101 4024 ἃ,
