3026 4920
307 637 422 703 Praei
479 633 592 715 edidit,
619 650 685 720 quo
714 647 828 716 specus
856 621 1076 694 absconditum
1104 623 1269 713 detegitur.
1327 627 1375 695 ln
1408 630 1457 698 his

479 743 685 814 conclavibus
707 743 874 827 opinamur
901 735 981 804 belli
1001 737 1199 825 temporibus
1221 738 1344 828 templi
1369 766 1451 832 opes

477 861 633 947 repositas
661 853 768 918 baisse.
820 851 914 937 Quae
943 871 1013 916 cum
1042 854 1110 916 sine
1137 849 1218 920 duce
1242 851 1436 934 adiissemus,

476 973 608 1038 multum
637 969 734 1055 gavisi
763 985 899 1042 eramus,
926 983 987 1028 nos
1013 965 1132 1049 primos
1159 965 1346 1046 invenisse,
1377 991 1428 1034 nor

359 1155 361 1162 ,
478 1081 612 1150 candela
632 1081 746 1169 parieti
767 1077 894 1144 admota
914 1075 1000 1141 haud
1022 1097 1123 1162 pauca
1137 1078 1294 1148 viatorum
1309 1084 1441 1144 nomina

476 1197 536 1264 ibi·
551 1197 701 1282 inscripta
727 1189 823 1257 nobis
850 1190 1016 1280 patefecit,
1046 1191 1101 1275 qui
1122 1200 1277 1255 antenus
1301 1191 1446 1259 fortasse

477 1315 511 1377 in
534 1305 669 1376 eundem
691 1323 831 1370 errorem
851 1300 1037 1368 inciderant.

543 1423 739 1488 Annotatum
770 1413 917 1480 volumus
945 1424 1110 1502 praeterea
1140 1412 1181 1479 dc
1210 1413 1258 1482 his
1286 1413 1447 1498 latibulis,
1485 1357 1488 1468 l

476 1538 540 1625 jam
567 1532 643 1600 inde
672 1553 692 1596 a
715 1531 823 1618 primis
846 1525 938 1592 scalis
960 1547 1115 1612 nusquam
1137 1524 1254 1614 figuras
1276 1530 1447 1618 hierogly-

477 1649 585 1737 phicas
609 1645 759 1729 conspici,
781 1645 864 1729 quae
886 1649 992 1704 tamen
1014 1640 1047 1702 in
1070 1637 1138 1704 aliis
1153 1639 1242 1719 locis,
1265 1663 1376 1728 aeque
1398 1644 1446 1710 lu

476 1764 560 1826 mine
584 1757 755 1836 destitutis,
784 1752 891 1841 qualia
912 1761 985 1817 sunt
1006 1752 1163 1838 hypogea,
1186 1751 1378 1839 frequenter
1398 1759 1446 1821 in-

477 1861 662 1944 veniuntur3
684 1870 757 1945 tria,
780 1886 862 1953 quae
886 1863 1016 1929 diximus
1024 1913 1036 1944 ,a
1056 1862 1219 1930 conclavia
1241 1867 1274 1930 in
1301 1870 1444 1934 animum

477 1991 631 2050 revocant
657 1977 856 2066 pyramidum
886 1975 1074 2055 cuniculos,
1091 1978 1161 2063 pari
1182 1975 1279 2041 modo
1301 1978 1443 2066 pulvere

480 2107 513 2162 et
533 2095 664 2178 fuligine
687 2089 851 2170 sordidos,
874 2093 1023 2177 omnique
1047 2099 1234 2154 ornamento
1258 2087 1441 2158 destitutos.
1486 2090 1490 2260 p

478 2208 594 2272 Totam
616 2203 702 2268 illam
723 2201 833 2289 templi
854 2213 975 2290 partem
997 2200 1197 2267 sacerdotum
1223 2211 1342 2294 tautum
1367 2207 1444 2270 usui

476 2319 631 2406 palluisse,
654 2315 719 2381 loci
740 2325 852 2381 natura
875 2313 979 2379 docet.

543 2427 712 2517 Ejusmodi
733 2449 900 2506 recessum,
924 2429 1012 2514 cujus
1036 2437 1069 2491 et
1090 2429 1123 2493 in
1138 2425 1206 2492 aliis
1225 2424 1348 2513 templis
1367 2448 1442 2495 nun
1490 2455 1491 2526 l

477 2541 594 2608 desunt
624 2539 780 2627 exempla,
808 2543 835 2604 si
857 2538 971 2606 sedulo
996 2538 1260 2619 consideraveris,
1287 2559 1353 2606 non
1377 2564 1442 2628 po-

476 2660 552 2722 teris
579 2675 648 2719 nou
678 2649 814 2718 aedificii
841 2650 1044 2716 subtilitatem
1065 2653 1184 2728 mirari;
1213 2654 1280 2720 sive
1302 2665 1439 2738 aparte

478 2768 643 2845 exteriore,
665 2767 731 2830 sive
755 2761 796 2828 ab
817 2765 968 2829 interiore
990 2766 1141 2852 templum
1164 2765 1334 2844 examinas,
1357 2787 1439 2830 con-

478 2880 580 2945 clavia
615 2897 684 2944 uon
721 2875 965 2954 animadvertes,
1000 2877 1054 2942 vel
1086 2881 1120 2942 in
1153 2873 1366 2962 descriptione
1398 2881 1437 2944 in

478 2993 559 3058 areis
579 2992 710 3055 marimo
734 3011 815 3076 opus
838 2999 885 3055 est
908 2989 1076 3078 diligentia,
1099 3008 1164 3076 quo
1186 3007 1308 3054 murum
1328 2991 1437 3055 orien-

476 3103 571 3188 talem
593 3101 703 3190 paullo
728 3105 912 3173 crassiorem
935 3123 1006 3169 esse
1029 3125 1122 3190 quam
1143 3099 1371 3167 occidentalem
1385 3105 1435 3168 in-

475 3215 608 3303 telligas.
658 3212 833 3280 Intabula
860 3213 973 3303 gallica
999 3219 1092 3280 muri
1109 3213 1282 3280 crassitudo
1309 3211 1354 3280 ibi
1380 3238 1435 3282 ea-

472 3307 550 3394 ·dcm
572 3337 635 3407 est,
663 3349 746 3414 quae
767 3330 802 3396 in
822 3326 952 3415 reliquus
974 3326 1131 3416 partibus,
1159 3327 1249 3415 quod
1271 3349 1312 3397 eo
1334 3332 1434 3416 magis

470 3441 636 3518 miramur,
665 3461 736 3505 cum
759 3442 794 3506 in
816 3440 956 3506 secunda
978 3439 1051 3530 libri
1079 3439 1219 3508 editione
1240 3437 1277 3522 *l
1305 3440 1436 3506 concla-

474 3555 560 3618 vium
581 3555 699 3619 mentio
723 3552 807 3618 facta
828 3555 868 3618 sit
888 3549 956 3636 aa),

1340 3630 1429 3699 Cun-

508 3774 533 3847 ⁸)
550 3773 612 3850 Peg.
629 3759 673 3834 21'.
695 3775 760 3836 edii.
776 3775 955 3836 Peneloucle.

508 3869 543 3943 ”)
568 3867 664 3946 Neque
680 3868 733 3930 boc
749 3869 815 3946 sugit
831 3869 1013 3939 Letrcnnium
1030 3870 1076 3945 qui
1093 3879 1166 3928 reete
1182 3869 1339 3942 observavit,
1354 3871 1424 3949 adyti

543 3973 634 4014 muros
657 3973 713 4014 non
733 3955 865 4034 parallelis
886 3956 963 4018 lineis
980 3965 1213 4020 caucanam.
1253 3957 1361 4020 Journal
1375 3959 1421 4020 dea

541 4039 643 4099 Sarnus
663 4043 741 4101 181&
759 4061 818 4122 pag.
835 4045 896 4102 ³⁰4.
1229 4051 1232 4058 ’
