3026 4920
980 456 1025 532 19

77 640 230 725 leguntur,
251 651 355 720 nuper
376 633 409 696 in
430 629 566 694 medimn
587 626 732 716 prolatae
754 653 772 694 a
793 631 969 711 nonnullis,
992 623 1042 699 ut
1082 647 1157 706 Phae
1175 647 1196 706 1,

76 749 260 838 probarent,
291 742 381 832 quod
411 742 465 830 diu
490 745 523 806 iu
553 742 717 806 discrimen
744 754 890 808 vocatum
912 745 1026 811 hietat:

75 863 222 949 pylones,
244 857 298 923 vel
321 867 406 922 certe
428 857 513 942 signa
529 854 774 940 hieroglyphice,
797 854 910 940 quibus
932 856 1027 923 deco

73 985 195 1051 rantur,
228 969 484 1036 Ptolemaeorum
511 987 610 1053 regno
639 965 846 1034 adscribenda
875 989 945 1034 esse
972 969 1026 1034 vel

74 1087 210 1171 tempori
237 1083 414 1148 recentiori.
466 1079 569 1165 Quam
597 1101 664 1143 rem
693 1082 865 1145 accuratius
893 1101 1027 1168 perpen-

76 1198 158 1274 dere,
182 1195 222 1261 ab
252 1195 315 1258 hoc
349 1190 425 1256 loco
458 1213 526 1257 non
561 1191 697 1256 alienum
725 1191 858 1276 videtin.
918 1193 1026 1280 Prope

75 1304 312 1395 portmlsidis
334 1302 434 1388 ligura
454 1307 551 1368 incita
573 1315 635 1382 est,
664 1306 752 1390 cujus
775 1315 910 1370 extrema
931 1304 1028 1370 linea-

78 1429 192 1493 menta,
204 1414 455 1500 circiterdigitum
465 1415 631 1502 probmda,
642 1437 700 1501 per
710 1419 929 1502 inscriptiones
941 1427 1028 1504 grae·

81 1553 133 1594 cas
161 1540 374 1593 transcurrunt
395 1527 444 1610 *),
475 1550 552 1614 quas
575 1528 778 1606 Lenonuiue,
803 1549 889 1613 quae
916 1548 1027 1614 magna

80 1644 159 1728 ejus·
175 1642 324 1726 sagacitas
355 1649 415 1718 est,
442 1643 576 1704 restituit
599 1649 630 1704 et
652 1639 831 1725 explicavit,
859 1661 1027 1724 earumque

79 1764 212 1819 aetatem
241 1749 281 1814 ad
310 1770 410 1816 anuos
440 1753 502 1815 107
517 1753 612 1815 -64
643 1774 670 1814 a.
694 1751 753 1817 Ch.
775 1773 805 1815 n.
834 1751 941 1816 retulit
960 1748 1027 1832 ee),

77 1865 225 1950 Figuram
250 1901 252 1908 ι
273 1861 404 1927 leviter·
428 1861 638 1928 consideranti
680 1863 757 1928 nihil
777 1885 779 1890 ’
801 1867 915 1928 certius
958 1885 1027 1930 esse

76 1976 217 2054 videtur,
251 1995 343 2060 quam
375 1977 608 2060 inscriptionem
641 1978 843 2040 vetustiorem
871 1995 941 2041 esse
972 1974 1028 2057 illa

76 2089 188 2175 figura,
210 2089 449 2172 imprimiscum
471 2086 581 2150 literae
604 2107 734 2172 graecae
758 2107 906 2152 corrosae
929 2097 960 2152 et
973 2109 1029 2151 ve-

78 2211 194 2265 tustate
215 2219 316 2286 paene
340 2197 472 2279 deletae,
494 2198 587 2264 Isidis
606 2209 709 2264 autem
731 2183 834 2264 linteae
854 2201 1028 2263 acutissime

81 2316 145 2378 sint
165 2313 288 2374 moisae.

115 2441 117 2448 ·
146 2421 356 2488 Nihilominus
385 2422 476 2488 aliam
503 2442 632 2509 quoque
659 2423 740 2487 viam
768 2424 909 2486 iuvenire
937 2420 1028 2485 facile

83 2545 138 2615 est,
161 2557 223 2621 qua
242 2551 295 2598 tes
317 2546 430 2600 notatu
452 2534 627 2622 dignissima
648 2533 779 2616 meliore
794 2537 918 2598 ratione
934 2532 1030 2618 expli-

82 2659 178 2712 cetur.
230 2647 369 2732 Aegypti
394 2659 596 2713 monumenta
624 2645 863 2733 perlustrantem
891 2665 958 2710 non
983 2643 1032 2708 fu-

81 2762 158 2847 giet,
186 2761 220 2824 in
247 2756 352 2822 multis
380 2758 459 2823 locis
480 2759 824 2845 templerumtparietes
846 2767 944 2822 strato
966 2755 1031 2820 limi

82 2869 241 2940 obductos
271 2891 354 2950 esse,
382 2873 437 2955 qui
463 2873 573 2956 partim
601 2869 732 2955 glutine,
762 2867 850 2955 quod
877 2873 1030 2946 eontinet,

56 2984 194 3072 ¹partim
228 2983 322 3046 nimia
356 2984 436 3045 aeris
471 2983 645 3068 aegyptiaci
677 2984 828 3058 siccitate,
863 2979 1031 3046 admodum
1150 3040 1153 3046 .

48 3150 51 3153 .
85 3091 254 3172 indtnanrs,
275 3095 387 3179 parieti
408 3104 552 3158 accurate
575 3092 731 3172 adhaeret,
754 3102 786 3157 et
807 3095 934 3157 omnino
957 3113 1032 3157 eun·

87 3202 159 3268 dem
182 3225 250 3267 cum
274 3203 380 3290 lapide
404 3204 537 3270 calcario
561 3203 702 3268 colorem
722 3203 826 3268 habet.
871 3203 1033 3268 Lithocol-

84 3315 137 3380 lae
164 3317 292 3380 nomine
317 3327 404 3381 recte
430 3319 605 3402 nuncupari
624 3327 740 3403 potest.
791 3317 912 3402 Ingenti
940 3317 1034 3402 copia

82 3425 253 3492 moenibus
280 3427 470 3515 applicatam
501 3427 633 3492 vidimus
666 3428 699 3491 in
730 3424 849 3512 templo
877 3426 1033 3492 Nubiensi
1065 3504 1070 3516 .

84 3537 126 3604 ad
147 3537 296 3616 Sebuam,
318 3549 382 3604 tum
404 3561 533 3628 quoque
556 3537 674 3604 Thebis
697 3537 738 3604 ad
759 3559 871 3624 pagum
892 3537 1032 3615 Kamak,

122 3744 146 3814 ⁶)
162 3743 257 3802 Dicor.
276 3741 309 3800 tle
325 3741 390 3818 l’ltg,
408 3743 515 3818 Antiqu.
532 3741 571 3798 Pl.
589 3741 623 3810 V,
640 3745 700 3798 55.-

123 3829 158 3899 “)
178 3829 342 3887 Recherches
365 3849 434 3907 pour
456 3830 539 3886 servir
556 3832 570 3883 h
587 3827 712 3884 l'histoire
730 3825 763 3884 de
779 3826 913 3904 l'Egypte,
935 3847 960 3904 p.
981 3827 1033 3881 145

158 3933 215 3991 sqq.
236 3945 269 3958 -
291 3914 478 3994 Apographum
501 3934 534 3970 ex
555 3913 659 3970 schedis
682 3919 779 3972 uostris
801 3908 984 3992 depromptum
1006 3913 1034 3969 in

158 4000 209 4057 tab.
225 3999 255 4058 ll.
273 4001 356 4059 forma
374 4005 400 4058 5.
417 4003 674 4078 repraesentavimus.
802 3991 805 3996 ⁵

781 4095 834 4158 2*
